1780 3100
282 155 349 213 46

836 153 1147 202 ANDRIA.

279 271 558 337 Mercator:
595 301 771 335 navem
793 285 835 336 is
855 286 1000 352 fregit
1017 285 1156 354 apud
1177 286 1403 336 Andrum
1427 285 1650 336 insulam.

280 360 327 404 Is
350 355 475 404 obiit
499 358 554 413 ¹4)
579 366 811 402 mortem:
854 353 926 402 ibi
947 367 1055 404 turn
1074 355 1208 409 hanc
1235 359 1292 416 ¹⁵)
1315 356 1527 406 eiectam
1547 354 1698 420 Chry-

639 418 754 469 fidis

278 492 476 537 Patrem
509 484 566 547 ¹6)
599 489 830 554 recepisse
862 486 1035 547 orbam
1070 495 1128 544 ¹7)
1162 503 1382 556 parvam.
1448 486 1717 538 Fabulae!r

211 580 264 608 20
279 555 407 605 Mihi
462 554 669 621 quidem
731 553 896 605 hercle
948 574 1053 603 non
1095 555 1154 604 fit
1205 555 1485 615 verifimile3
1541 567 1698 624 atque

639 620 753 686 ipsis
781 622 840 683 ι8)
875 637 1214 673 commentum
1243 631 1299 685 ι9)
1334 623 1512 690 placet.

277 689 375 740 Sed
394 687 544 755 Myfis
568 694 632 751 ²⁰)
668 688 731 737 ab
757 707 817 738 ea
839 694 899 749 ²¹)
934 690 1211 752 egreditur:
1255 698 1322 740 At
1351 709 1444 756 ego
1475 689 1596 740 hinc
1615 706 1697 739 me

638 756 702 804 ad
725 757 904 814 forum,
934 763 998 817 ²²)
1031 771 1090 806 ut
1466 805 1472 811 .

283 825 591 875 Conveniam
608 822 937 889 Pamphilum,
968 842 1031 873 ne
1057 823 1118 874 de
1145 823 1243 875 hac
1269 841 1324 873 re
1350 836 1495 890 pater
1512 824 1698 890 impru-

641 890 840 942 dentem
866 895 928 952 23)
963 893 1226 959 opprimat.

316 1031 405 1079 ³14)
443 1027 612 1064 obviavit.
668 1026 812 1065 obimus
849 1039 1010 1065 mortem¹
1074 1030 1137 1076 15)
1177 1027 1386 1076 Glyceriu'm
1456 1026 1518 1073 16)
1559 1025 1701 1073 fingunt

389 1087 452 1132 17)
491 1085 669 1133 pupillam
736 1089 797 1133 18)
827 1086 1021 1134 Pamphilo
1056 1098 1092 1122 et
1121 1085 1291 1134 Glycerio
1365 1082 1428 1131 19)
1467 1084 1701 1120 mendacium

381 1142 450 1188 20)
473 1141 606 1177 ancilla
626 1142 785 1190 Glycerii
831 1143 896 1191 21)
921 1142 966 1178 ab
985 1142 1155 1189 Glycerio
1202 1144 1267 1188 22)
1284 1141 1360 1177 scil.
1382 1141 1515 1178 ducam
1560 1141 1626 1188 ²3)
1645 1141 1701 1176 in·

384 1197 579 1248 provisum.

278 1367 458 1405 nienfium
498 1368 578 1414 lege
616 1366 828 1415 Pamphilus
869 1368 973 1414 cogi'

278 1424 471 1473 potuisset,
499 1438 576 1459 eam
598 1437 745 1459 uxorem
765 1424 908 1464 ducere.

329 1490 383 1523 18.
417 1482 592 1526 eiectam]
647 1481 795 1517 Scilicet
824 1482 862 1516 iu
893 1482 951 1518 lit·

278 1547 338 1574 tus
369 1537 415 1572 de
443 1551 545 1573 nave»
564 1537 756 1583 naufragam
804 1538 949 1586 proprie

278 1605 318 1630 et
351 1594 452 1630 navis
492 1604 528 1629 et
564 1593 698 1634 ho-o,
726 1595 804 1642 ·qui'
835 1594 950 1629 flucti-

276 1650 346 1699 bus
373 1651 411 1686 in
453 1661 582 1697 terrem
612 1650 822 1698 expellitur.
865 1653 953 1688 eiici

278 1708 427 1743 dicitur.
477 1707 606 1753 Virgil.
638 1710 728 1742 Aen.
752 1709 825 1745 11V.
869 1714 949 1752 374.

276 1756 435 1801 eiectum
479 1766 610 1800 lictore
636 1770 801 1810 egentem
832 1765 949 1799 Exce-

277 1825 332 1868 pi.
353 1819 448 1855 infra
465 1820 511 1856 V.
530 1825 564 1863 4.
586 1832 642 1855 20.
701 1823 848 1857 Atticus
870 1823 949 1869 qui·

278 1880 366 1914 dam
394 1880 485 1913 olim
513 1880 609 1913 nam·
632 1878 769 1921 fracta
792 1878 844 1913 ad
875 1881 947 1914 An-

278 1937 387 1972 drum
415 1937 551 1970 eiectus
570 1937 635 1980 esc.
655 1938 696 1968 'v.
716 1935 878 1979 Gronov.
900 1934 948 1969 ad

275 1993 405 2028 Senec.
427 1990 641 2025 controvers.
664 1991 718 2026 16.
749 1991 846 2025 Hinc
865 1991 946 2026 Cic.

274 2053 343 2097 pro
357 2046 534 2093 Quinctio
558 2060 589 2081 c.
608 2059 658 2093 ¹9·
680 2047 852 2082 translate
870 2051 941 2084 eie·

274 2118 375 2141 ctum
391 2113 515 2144 vocat,
542 2103 604 2152 qui
631 2102 737 2139 rebus
765 2103 835 2138 suis
865 2103 945 2152 spo·

273 2163 385 2198 liatus
407 2159 469 2195 est.

319 2231 376 2255 20.
401 2216 526 2266 acque]
574 2215 636 2252 hic
657 2215 802 2264 ponitur
823 2228 890 2261 pro
906 2228 941 2252 et

273 2290 408 2321 tamen,
433 2287 470 2311 et
491 2288 634 2311 verum.
658 2273 707 2308 fic
726 2273 854 2308 Graev.
885 2284 942 2307 ca-

271 2334 329 2382 pit
352 2333 391 2367 in
413 2331 493 2366 Cic.
523 2330 569 2363 ad
590 2330 793 2368 Attic.‘V1.
824 2343 853 2364 ι.
884 2341 941 2366 ae·

272 2404 341 2438 que
375 2387 441 2424 hoe
468 2400 630 2431 tempore
659 2386 734 2432 ipsi!
762 2388 939 2434 impingit

214 2453 217 2457 ”
269 2447 363 2484 mihi
390 2447 594 2491 epistolam.
624 2444 727 2491 plura
752 2443 863 2491 habet
882 2457 939 2478 ex—

269 2503 392 2550 empla
436 2502 584 2537 Cortiun
622 2500 669 2536 ad
704 2501 847 2537 Sallusti
881 2502 939 2536 Iu-

269 2559 389 2606 gurth.
410 2571 440 2592 c.
459 2565 493 2602 4.

315 2628 372 2651 2¹.
397 2617 443 2650 ab
459 2628 505 2650 ea
523 2614 737 2661 egreditur]
763 2622 767 2627 “
785 2612 824 2648 h.
844 2626 875 2648 e.
895 2625 938 2648 ex

271 2671 422 2709 aedibus
442 2670 517 2705 eius
548 2665 729 2716 egreditur
748 2671 786 2705 in
805 2671 937 2706 Heaut-

268 2732 314 2769 Π.
326 2743 358 2766 2.
370 2730 404 2766 6.
419 2741 562 2774 apacre
580 2731 720 2770 exiens,
740 2727 779 2763 in
790 2726 936 2765 Phorm.

1026 1370 1074 1404 V.
1096 1382 1126 1404 ι.
1138 1376 1171 1411 5.
1191 1381 1215 1403 α
1226 1368 1358 1413 fratr-e
1375 1381 1470 1416 quae
1487 1370 1627 1417 egreffa
1644 1369 1696 1414 esc

1027 1440 1117 1463 meo.
1153 1424 1232 1460 Cic.
1249 1436 1315 1472 pro
1332 1424 1475 1459 Milone
1505 1438 1536 1461 c.
1557 1436 1610 1470 ¹9·
1630 1425 1695 1461 de·

1025 1485 1145 1520 vertit
1169 1482 1324 1517 Clodius
1342 1481 1446 1528 adse
1463 1481 1501 1515 h.
1519 1493 1550 1516 e.
1573 1481 1612 1526 ἰμ
1633 1480 1697 1516 vil-

1026 1540 1100 1575 lam
1118 1537 1230 1575 suam.
1255 1550 1285 1575 v.
1299 1537 1524 1573 Gronov-'In
1543 1536 1693 1574 lection.

1024 1596 1182 1632 Plautin.
1209 1609 1245 1642 p.
1270 1595 1328 1638 56.
1392 1610 1394 1613 ·

1070 1653 1156 1688 hinc
1198 1666 1255 1698 me
1295 1652 1349 1686 ad
1388 1650 1549 1697 forum]
1615 1648 1695 1699 sup-

1024 1709 1202 1758 plendum
1230 1709 1434 1750 conferam.
1466 1707 1559 1742 infm
1578 1708 1627 1743 ΙΙ.
1658 1720 1694 1742 2.

1024 1772 1082 1811 24.
1107 1780 1176 1814 ego
1207 1779 1265 1802 me
1291 1766 1467 1800 continuo
1498 1765 1553 1800 ad
1582 1764 1692 1801 Chro-

1023 1838 1126 1860 mem.
1168 1823 1284 1869 Saepe
1303 1821 1343 1855 in
1363 1819 1422 1854 his
1441 1819 1690 1857 locutionibus

1022 1879 1181 1918 verbum,
1209 1877 1307 1926 quod
1332 1887 1472 1912 motum
1491 1876 1538 1911 ad
1567 1872 1693 1924 lacumv

1021 1935 1219 1982 fignificat.
1256 1933 1447 1969 omittitur.
1474 1945 1504 1967 v.
1527 1933 1691 1969 Gronov.

1023 1993 1070 2027 ad
1086 1993 1170 2027 Sen.
1193 1989 1333 2025 Troad.
1354 2002 1387 2028 v.
1406 1995 1488 2034 844.
1503 1999 1538 2024 et
1549 1989 1689 2027 Duker.

1020 2049 1067 2083 ad
1087 2049 1180 2084 Flor.
1200 2049 1264 2082 111.
1287 2048 1322 2082 6.
1343 2060 1380 2095 p.
1399 2055 1480 2093 557.
1537 2047 1581 2081 In
1607 2044 1688 2081 foro

1018 2106 1134 2142 servus
1175 2104 1209 2140 [e
1250 2103 1414 2152 [perabat
1455 2101 1689 2150 Pamphilum

1020 2170 1303 2200 conventurum.
1339 2160 1427 2208 quia
1454 2157 1560 2205 ogiofi
1588 2158 1689 2206 apud

1017 2216 1253 2253 Athenienses
1283 2218 1322 2252 in
1348 2217 1465 2252 forum
1486 2215 1608 2252 venire
1636 2214 1689 2252 so-

1017 2274 1142 2309 lebant
1159 2272 1420 2308 confabulandi
1438 2273 1561 2320 gratia,
1583 2272 1686 2309 cuius

1016 2331 1128 2366 moris
1164 2330 1269 2377 plura
1293 2329 1440 2375 vestigia
1474 2327 1556 2366 sunt
1587 2329 1687 2378 apud

1016 2389 1163 2424 Terent.
1297 2393 1299 2396 '

1061 2457 1118 2480 22.
1143 2443 1437 2490 imprudentem]
1473 2441 1684 2490 impruden·

1016 2501 1076 2541 est,
1116 2501 1178 2548 qui
1197 2499 1293 2534 nihil
1314 2496 1400 2533 mali
1426 2498 1631 2546 inspicatur.
1649 2511 1683 2533 v.

1015 2559 1054 2592 in
1074 2559 1165 2592 Eun.
1183 2558 1211 2592 I.
1231 2569 1268 2592 2.
1287 2556 1344 2598 56.
1365 2564 1489 2590 contra
1508 2557 1683 2600 prudens,

1016 2615 1078 2662 qui
1099 2614 1137 2648 id
1156 2611 1333 2661 providet.
1359 2623 1392 2645 v.
1422 2610 1460 2644 in
1488 2611 1579 2645 Eun.
1598 2612 1625 2650 1.
1650 2624 1680 2645 ι.

1013 2683 1070 2715 27.
1099 2681 1134 2706 et
1158 2669 1270 2705 Drak.
1301 2667 1347 2705 ad
1381 2667 1445 2702 Sil.
1473 2666 1589 2702 Italic.
1617 2668 1682 2703 vl.

1016 2728 1092 2763 166.
