1812 3100
354 222 451 270 290
650 186 1481 261 HEAUTONTIMORUMENOS.
1550 255 1561 275 ,
1810 276 1812 278 ,

292 303 295 306 -
348 338 490 388 Perii
512 334 574 399 96)
639 341 684 387 Is
716 342 777 399 97)
820 335 940 386 mihi
967 337 1056 387 ubi
1087 336 1280 388 adbibit
1308 337 1424 407 plus
1457 339 1638 408 paulo,
1685 343 1797 394 sua

660 437 671 449 ι
711 424 843 474 quae
882 417 1050 454 narrat
1085 407 1318 456 facinora
1791 444 1812 488 3

349 475 504 523 Nunc
541 470 605 536 98)
640 473 722 522 ait.
793 472 1034 522 Fericium
1057 478 1118 532 99)
1164 493 1225 523 ex
1257 474 1368 525 aliis
1402 475 1554 527 facito
1587 475 1716 537 tibi,
1723 473 1767 539 ³⁸)
1800 489 1812 531 ’1

708 541 844 631 quod
877 560 936 589 ex
959 542 1041 589 usu
1069 540 1155 590 fiet
1183 546 1214 603 ¹)
1803 551 1812 610 ἱ,

279 610 548 659 10Astutus
576 615 614 672 2)
651 627 714 658 ne
734 606 778 668 ²¹³)
813 608 896 656 ille
921 607 1057 657 haud
1080 611 1166 658 scit
1189 628 1338 677 qnam
1362 609 1485 660 mihi
1508 629 1647 662 nunc
1669 613 1766 662 fur·
1799 624 1812 649 ⁶1

708 676 772 725 do
800 689 969 724 narret
992 675 1246 726 fabulam?
1268 683 1309 739 3)

348 745 513 812 Magis
541 746 581 808 4)
630 762 768 795 nunc
823 744 1012 792 amicae
1037 749 1073 804 5)
1145 747 1280 795 dicta
1327 744 1577 796 stimulant
1599 743 1637 808 6)
1701 745 1771 796 da>

708 810 851 869 mihi,
879 818 915 872 7)
948 824 1100 878 atque
1121 812 1242 861 affer
1263 812 1394 861 mihi.

348 880 444 930 Cui
475 880 599 949 quid
631 878 952 947 respondeam
978 878 1101 927 nihil
1123 879 1309 939 habeo,
1343 898 1509 949 neque
1528 898 1606 931 me
1630 881 1763 949 quis-

704 965 858 1015 quam
888 948 958 995 est
977 947 1209 996 misexior

347 1020 475 1065 Nam
498 1015 588 1066 hic
597 1015 756 1065 Clinia
788 1012 914 1063 etfi
901 1032 944 1064 1s
967 1033 1176 1081 quoque
1196 1014 1396 1064 suarum
1420 1012 1587 1065 rerum
1612 1020 1649 1080 8)
1675 1018 1763 1067 sat

702 1084 827 1150 agit,
862 1086 900 1144 9)
949 1096 1169 1131 attamen

342 1149 512 1200 Habet
544 1150 674 1201 bene
698 1165 746 1201 et
734 1120 950 1215 ⁰pudice
970 1151 1228 1209 eductam,
1265 1150 1499 1217 ignaram
1521 1152 1642 1202 artis
1665 1170 1763 1202 me-

530 1230 538 1237 ·
701 1219 948 1268 letriciae.

274 1297 324 1339 15
338 1290 458 1336 Mea
480 1288 547 1336 est
569 1300 774 1355 potens,
800 1295 857 1348 ¹0)
895 1303 1107 1353 procem,
1142 1280 1427 1352 magnifica,
1452 1294 1508 1348 ¹¹)
1545 1286 1760 1336 sumtuo-

704 1356 792 1413 sa,
812 1353 1011 1403 nobilis.

341 1413 482 1472 Tum
507 1424 563 1484 ¹2)
598 1422 736 1490 quod
759 1422 869 1471 dem
892 1423 937 1477 ei
963 1426 1018 1479 ¹3)
1051 1434 1185 1470 recte
1213 1421 1292 1469 est.
1359 1423 1490 1471 Nam
1524 1420 1646 1470 nihil
1666 1422 1759 1471 esse

702 1490 835 1549 mihi,
865 1495 920 1551 ¹4)
957 1488 1127 1554 leligio
1156 1495 1210 1550 ¹5)
1247 1489 1316 1537 est
1341 1481 1516 1538 dicere.
1624 1537 1631 1543 ,

337 1535 454 1608 Hoc
490 1574 582 1624 ego
622 1556 740 1606 mali
776 1555 832 1618 ¹⁶)
866 1576 969 1606 non
1005 1557 1191 1621 pridem
1233 1562 1288 1617 ’7)
1344 1557 1535 1616 inveni,
1593 1572 1758 1625 neque

695 1627 847 1675 etiam
874 1625 992 1674 dum
1019 1631 1075 1686 ’8)
1108 1626 1195 1675 lcit
1224 1636 1378 1692 pater.
1406 1630 1463 1686 ¹9)

373 1772 609 1831 (Aeros
654 1775 706 1821 II.
772 1775 969 1823 semu
1004 1772 1084 1829 11.)
1159 1770 1376 1818 CLINIA.
1408 1772 1724 1818 CLITIPHO.

341 1885 502 1933 CLIN.
521 1884 587 1943 ²⁰)
620 1871 671 1933 'Si
695 1882 814 1932 mihi
835 1881 1077 1933 secundae
1091 1884 1153 1940 ²¹)
1185 1898 1266 1928 res
1290 1879 1350 1929 de
1370 1895 1540 1931 amore
1561 1899 1673 1932 meo
1692 1882 1754 1931 es-

697 1952 820 2010 sent,
852 1953 951 1999 iam
983 1949 1173 1998 dudum
1194 1949 1292 1997 scio

397 2105 464 2154 96)
497 2103 586 2140 ficut
605 2104 659 2139 illi
681 2108 851 2151 [patres]
873 2117 947 2140 non
965 2103 1110 2153 possunt
1133 2104 1204 2138 iam
1226 2114 1310 2151 prae
1337 2101 1518 2138 senectute
1547 2102 1607 2140 [ua
1632 2102 1756 2138 {ibidi-

443 2163 542 2201 nari,
579 2162 631 2198 ita
657 2162 784 2198 volunt
812 2174 847 2198 et
875 2175 941 2197 nos
971 2162 1089 2196 metiri
1119 2172 1153 2196 et
1181 2161 1405 2196 continentes
1434 2160 1503 2196 effe
1564 2161 1630 2206 97)
1654 2171 1755 2208 pater

441 2230 544 2254 meus
591 2221 651 2264 98)
679 2218 769 2252 mihi
814 2222 875 2264 99)
902 2218 1155 2265 probationem
1202 2218 1352 2264 >ulit-
1382 2219 1536 2265 disting-
1556 2221 1637 2265 post
1668 2217 1755 2252 taci-
1801 2235 1805 2238 ⁴

442 2284 483 2310 to
533 2278 565 2316 ι)
593 2287 634 2309 ex
655 2275 811 2311 utilitate
828 2275 871 2311 fit
918 2276 959 2321 2)
986 2274 1084 2310 dicat
1103 2274 1194 2309 mihi
1213 2273 1300 2309 talia
1345 2274 1382 2319 ⁴¹)
1405 2275 1485 2311 edit
1505 2286 1574 2308 nae
1619 2274 1660 2320 3)
1678 2274 1752 2316 vel·

372 2328 375 2329 ⁷
445 2344 540 2376 quae
557 2334 667 2368 lectio
687 2346 733 2373 pr
714 2334 934 2377 raeferenda
952 2335 1002 2377 esc
1069 2335 1105 2375 4)
1132 2344 1238 2379 quam
1259 2330 1371 2378 patris
1425 2334 1461 2373 5)
1485 2342 1586 2365 meae
1640 2331 1677 2372 6)
1701 2328 1754 2365 di-

444 2389 557 2423 centis
626 2389 667 2433 7)
694 2401 840 2423 munera
913 2391 954 2435 8)
981 2390 1018 2423 in
1045 2387 1106 2423 sua
1132 2398 1233 2435 parte
1302 2390 1340 2432 9)
1382 2396 1481 2421 amnt
1515 2386 1570 2420 vel
1597 2383 1664 2422 [άῖ
1680 2386 1754 2432 agit
1807 2405 1810 2411 ·

448 2444 510 2490 ιο)
544 2443 692 2491 superba
762 2450 817 2486 ιι)
845 2444 1086 2479 inverecunda
1114 2455 1149 2480 et
1176 2458 1239 2492 per
1268 2442 1341 2478 hoc
1367 2453 1538 2489 appetens
1595 2446 1649 2483 12)
1677 2443 1753 2479 vult

444 2501 508 2546 13)
538 2501 614 2542 vel;
648 2514 759 2548 acque
784 2504 1057 2549 incer-pungunt
1084 2505 1194 2538 eciam
1219 2503 1401 2538 editiones
1458 2499 1519 2544 14)
1545 2498 1752 2534 divitiarum

445 2557 507 2601 15)
532 2557 697 2602 yronicos
718 2568 753 2593 et
779 2557 967 2604 negando,
1004 2561 1088 2606 quia
1114 2552 1195 2594 'non
1216 2558 1266 2594 est
1285 2557 1412 2604 religio
1442 2555 1503 2591 [ed
1530 2555 1732 2590 contumeli'

447 2614 510 2658 16)
547 2626 705 2649 amorem
739 2614 966 2649 meretricum
1034 2617 1093 2661 17)
1130 2615 1216 2650 dum
1248 2627 1338 2661 puer
1372 2612 1478 2648 ess'em
1539 2617 1594 2655 ¹8)
1629 2613 1727 2649 adhu

443 2671 498 2715 ¹9)
523 2682 582 2703 me
603 2669 694 2713 illud
724 2669 895 2705 inveuiss'e
959 2671 1224 2716 20)-Tristatur
1245 2669 1369 2705 Clinia
1395 2682 1438 2704 eo
1467 2669 1563 2716 quod
1595 2670 1733 2705 tardare

441 2726 563 2761 venire
599 2726 673 2761 eius
708 2737 827 2765 amata
863 2727 1053 2775 Antiphila
1094 2727 1191 2763 unde
1227 2727 1389 2775 loquitur
1417 2725 1726 2775 cum,Clitiphon

440 2783 507 2829 αι)
531 2781 732 2830 prosperae.
