1780 3100
294 130 358 176 66
674 159 677 162 -
795 125 1155 176 ANDRIA.

288 259 346 309 Id
364 277 634 327 piaecaves
656 261 851 322 *)99)11ε
871 258 1026 310 ducas
1053 273 1109 308 tu
1138 262 1172 319 ¹)
1203 257 1398 317 illam,t
1375 270 1436 308 tu
1459 261 1498 320 ²)
1533 264 1704 308 autem

649 326 905 377 111-(111635.
975 331 1072 376 CH.
1115 328 1238 375 Rem
1269 342 1421 376 tenes.

292 398 442 444 PAM.
477 395 603 444 Istuc
628 396 797 528 ififum.
822 400 859 456 3)
925 398 1072 443 DAV.
1104 404 1270 462 Atque
1287 395 1414 444 istuc
1439 393 1601 461 ipsum
1629 393 1703 441 ni-

682 462 715 510 il
783 462 919 512 erich
940 464 1030 511 est
1069 481 1147 512 me
1170 462 1297 511 vide.

287 532 439 578 PAM.
476 527 691 578 Obsecm
715 545 787 588 te,
824 549 979 598 quam
1004 531 1220 596 primum
1236 530 1286 592 4)
1327 529 1425 579 hoc
1467 546 1546 578 me
1582 525 1701 578 libe-

497 629 504 637 ,
642 616 698 646 ra
727 599 957 646 miserum
989 612 1140 646 metu.
1240 635 1244 638 -

217 673 268 714 15
281 665 432 712 DAV
463 666 606 723 Hem,
637 663 808 724 libero,
841 671 1049 713 uxorem
1071 664 1164 712 tibi
1196 652 1300 712 non
1322 662 1448 711 dat
1435 674 1536 711 lam
1557 659 1700 710 Chre-

643 751 760 781 mes.
814 735 964 780 PAM.
987 733 1088 798 Qui
1111 737 1151 792 5)
1186 733 1311 780 scis?
1354 733 1500 778 DAV.
1519 730 1634 780 Scio
1658 727 1698 790 6)

281 801 432 849 Tuus
462 812 607 866 pater
627 800 779 848 modo
813 817 892 847 me
921 798 1263 865 apprehendit,
1285 800 1324 862 *)
1357 798 1430 846 ait
1457 796 1549 845 tibi
1575 813 1698 845 uxo·

602 888 605 892 ’
638 884 742 915 rem
764 866 883 915 dare
904 866 995 915 sese

277 933 468 983 Hodie.
507 935 622 983 item
651 933 749 983 alia
773 939 809 994 7)
844 933 1003 982 multa
1033 951 1165 1002 quae
1194 949 1331 982 nunc
1362 949 1465 981 non
1498 930 1567 980 est
1586 947 1695 980 nar-
1724 933 1731 939 '

634 1002 781 1050 randi
802 1001 961 1051 locus.

282 1070 536 1119 Continuo
561 1074 599 1131 8)
644 1069 708 1118 ad
736 1083 784 1118 te
812 1086 1115 1135 properans,
1153 1084 1396 1135 percurro
1424 1065 1491 1115 ad
1515 1065 1692 1125 forum,

633 1152 692 1186 ut
705 1134 876 1186 dicam
897 1137 987 1185 tibi
1020 1135 1157 1185 haec.
1453 1171 1455 1175 -

274 1202 373 1254 Ubi
399 1217 448 1253 te
479 1222 583 1254 non
607 1204 649 1267 9)
690 1206 892 1256 invenio
922 1203 1004 1261 ibi,
1033 1206 1071 1263 *)
1107 1201 1363 1253 ascendo
1349 1220 1402 1250 1n
1436 1199 1690 1268 quendam

419 1307 422 1311 -
628 1271 875 1323 excelsum
905 1268 1086 1320 locum.

200 1360 254 1388 20
268 1339 648 1406 Circumspicio,
686 1357 956 1407 nusquam,
992 1344 1047 1400 ¹⁰)
1076 1341 1204 1388 forte
1235 1335 1306 1385 ibi
1333 1334 1487 1386 huius
1522 1338 1580 1396 ¹¹)
1618 1335 1686 1386 vi-

629 1407 724 1456 deo
746 1408 988 1471 Byrriam,
1027 1428 1031 1433 ⁴

260 1475 423 1540 Rogo,
448 1477 503 1536 ¹2)
539 1489 689 1539 negat
722 1475 888 1523 vidisse
921 1475 1023 1522 sese.
1060 1474 1099 1533 *)
1165 1469 1293 1520 Mihi
1323 1469 1594 1526 molestum.
1625 1473 1682 1530 ι3)

623 1541 755 1606 Quid
787 1559 953 1607 agam,
990 1540 1168 1605 cogito.
1194 1542 1251 1598 ι4)

264 1606 544 1658 Redeunti
530 1623 721 1658 mterea
742 1627 803 1658 ex
822 1610 924 1674 ipsa
946 1626 1000 1658 re
1020 1606 1142 1656 mihi
1173 1604 1351 1655 incidit
1378 1604 1597 1670 suspicio.
1621 1610 1680 1668 ¹5)

619 1678 749 1726 Hem

321 1785 357 1828 ⁴¹)
392 1788 482 1824 edie-
509 1799 616 1834 paves
683 1785 723 1831 1)
753 1785 943 1833 Pamphile
1004 1785 1046 1829 2)
1079 1782 1239 1819 Charine
1302 1780 1343 1827 3)
1369 1779 1419 1816 est
1452 1780 1552 1828 quod
1583 1782 1675 1818 dicis

364 1844 408 1888 4)
435 1844 611 1879 celerrime
678 1844 721 1888 5)
745 1841 932 1888 quomodo
998 1841 1040 1886 6)
1070 1839 1124 1873 vel
1142 1838 1229 1873 scies
1293 1837 1330 1880 ⁴¹)
1358 1838 1458 1873 Edhc
1480 1837 1676 1883 prehendit

363 1902 405 1945 7)
434 1899 542 1936 dixit
580 1900 622 1944 8)
650 1909 690 1935 ut
715 1908 816 1944 pater
837 1897 909 1932 hoe
937 1895 1030 1931 dixit
1082 1895 1155 1940 9)
1146 1908 1185 1929 111
1213 1894 1330 1929 foro
1349 1894 1384 1940 )
1413 1895 1511 1929 Edit.
1539 1896 1675 1941 distin-

362 1970 439 2002 gut
417 1972 439 1992 ιι
442 1968 484 1992 nt
498 1960 577 2004 post
595 1955 753 1991 invenio.
772 1966 871 1990 recte
912 1956 966 1993 ιο)
987 1951 1091 1986 video
1143 1956 1196 1992 11)
1218 1951 1369 1986 Charini
1388 1949 1549 1987 servum
1575 1958 1628 1994 12)
1646 1952 1674 1989 fi

360 2023 398 2048 te
415 2013 544 2048 viderit
588 2014 623 2058 )
649 2014 748 2050 Edit.
766 2014 888 2049 omitt.
907 2007 978 2043 sese
1028 2009 1089 2054 ¹3)
1109 2006 1179 2043 fuit
1198 2008 1252 2042 vel
1272 2000 1434 2042 reddidit
1484 2008 1544 2055 14)
1576 2010 1672 2056 cogi-

358 2079 435 2105 tate
461 2071 566 2117 coepi
617 2071 677 2115 15)
702 2083 745 2104 ex
765 2068 849 2117 ipfis
870 2065 1007 2112 nuptiis
1033 2062 1170 2098 incidit
1192 2063 1306 2104 mihi,
1341 2062 1441 2111 quod
1461 2074 1502 2100 tu
1529 2064 1670 2113 aliquid
1725 2106 1727 2108 ¹

361 2126 449 2162 inde
466 2125 708 2174 pei-nosceres.

977 2258 981 2264 “
1049 2237 1103 2286 16'.
1132 2264 1186 2286 me
1211 2239 1434 2295 pichendz‘t]
1492 2249 1517 2287 i.
1546 2262 1578 2285 e.
1605 2262 1666 2285 me

995 2319 1106 2342 manu
1125 2307 1180 2340 vel
1198 2306 1352 2342 vestibus
1364 2306 1663 2354 comprehenfum

995 2363 1227 2410 compellavit
1254 2363 1310 2398 vel
1329 2362 1538 2410 [impliciter
1566 2376 1663 2399 eem-

250 2254 290 2290 111
308 2255 400 2291 Eun.
419 2255 482 2291 111.
504 2264 537 2299 5.
556 2255 590 2290 6.
616 2247 798 2291 enHeaut.
820 2253 919 2290 V.-r.

248 2313 286 2348 6.
332 2313 501 2348 Donatus
531 2312 582 2346 ait
608 2310 833 2345 locutionem
855 2309 920 2343 du·
945 2355 949 2358 .

248 2378 342 2404 ctam
365 2368 435 2405 effe
459 2382 480 2404 a
500 2369 616 2408 ,fabris
645 2365 818 2407 ferrariis,
854 2365 916 2413 qui

246 2423 421 2460 incudem
467 2425 629 2473 repetitis
666 2423 798 2459 ictibus
823 2422 917 2470 -pul-
992 2421 1141 2468 pellavit
1175 2421 1213 2455 in
1246 2420 1393 2456 Phorm.
1429 2421 1494 2464 IV.
1523 2428 1563 2464 ’3.
1604 2428 1660 2477 ,¹53

246 2479 338 2515 sant.
896 2488 898 2491 '
989 2479 1131 2523 p'rendo
1153 2477 1333 2520 bominem
1342 2478 1478 2524 sblum.

292 2544 344 2579 ¹3·
371 2552 426 2575 me
442 2537 553 2581 vide]
592 2532 657 2581 egd
684 2534 751 2570 tibi
767 2532 914 2581 sponsor
1034 2531 1088 2569 20.
1126 2535 1235 2572 huius
1273 2534 1475 2583 Byrriam]
1531 2530 1657 2581 supple

240 2591 339 2632 sum,
385 2604 450 2638 ego
479 2592 681 2639 periculum
708 2591 759 2626 rei
788 2591 826 2625 in
851 2603 910 2625 mc
986 2590 1143 2630 servum,
1171 2603 1263 2637 quae
1282 2602 1350 2624 vox
1368 2588 1499 2638 millies
1521 2588 1656 2624 omitti-

179 2654 182 2657 ’
240 2648 406 2697 [uscipio.
427 2662 460 2684 v.
484 2649 522 2683 in
542 2649 687 2684 Phorm.
706 2650 771 2689 IV,
793 2654 827 2692 4.
849 2655 908 2691 30.
986 2640 1043 2686 tur
1063 2647 1101 2682 in
1121 2644 1415 2695 inleriptionibus
1436 2645 1606 2693 antiquis.

240 2715 278 2744 et
294 2705 410 2743 Plaut.
430 2706 470 2742 in
487 2704 657 2743 Rudente
676 2707 739 2742 111.
757 2713 791 2750 3.
807 2712 860 2747 ¹8·
