1760 3086
1324 212 1329 217 ,
1366 169 1485 202 xxix

56 292 281 346 litudinis
310 295 623 361 reperiatur,
666 283 947 359 explicant,
1002 307 1156 358 quam
1191 291 1363 341 lucem
1400 290 1484 339 alii

3 368 6 378 Ἰ
57 383 323 453 [α”ὶρτοτεε
362 384 710 435 locutionibus
754 384 1078 432 Terentianis
1123 381 1360 444 afferant,
1435 395 1485 433 et

54 455 214 547 qnam
242 455 363 526 istae
387 475 524 544 ipsae
553 476 660 524 aliis
681 475 954 524 foenerare
977 471 1183 540 poffint,
1223 476 1312 540 qui
1330 476 1485 523 inter-

18 574 229 641 {ffiretes
263 570 612 618 recentiorum
640 579 931 633 temporum
962 563 1292 614 definiendae
1322 565 1487 615 latini-

0 665 19 716 {ss
54 660 158 710 tati-
180 657 453 727 exquisitae
489 661 692 726 egregie
721 675 937 723 operam
961 658 1216 717 navarint,
1269 656 1487 723 pulchre

0 740 29 815 b}
56 742 332 800 ostendunt
401 749 596 799 Omnes
618 749 720 810 illi,
756 748 895 814 apud
923 766 1054 816 quos
1084 748 1246 799 sermo
1267 765 1390 798 vere
1415 748 1488 797 la-

57 843 192 891 tinus
223 843 279 889 in
308 840 509 899 honore
531 839 621 901 est,
666 857 908 907 magnum
929 840 1053 890 inde
1079 839 1301 889 fructum
1322 842 1489 906 perci-

57 934 228 1000 pient,
258 929 293 980 fi
310 915 420 980 non
442 930 609 980 obiter
627 930 736 979 illas
757 930 1000 997 legerint,
1041 930 1128 980 sed
1151 930 1268 980 loca
1292 944 1342 980 et
1364 934 1491 979 anti-

59 1039 283 1093 quorum
321 1034 372 1072 et
408 1024 755 1071 recentiorum
793 1020 1091 1086 scriptorum
1120 1039 1148 1068 a
1177 1021 1487 1071 Ruhnkenio

57 1113 384 1166 laudatorum
407 1124 646 1162 accurate
668 1111 1053 1178 perpenderint.
1106 1111 1209 1161 Sed
1230 1129 1336 1160 non
1359 1129 1491 1178 opus

59 1203 152 1266 est,
188 1217 245 1254 ut
273 1203 458 1252 multus
482 1202 570 1251 fim
599 1205 654 1250 in
682 1202 1044 1268 praedicandis
1074 1204 1490 1253 annotationibus

6 1289 34 1330 s³
57 1294 208 1356 hisce.
253 1292 548 1342 Ruhnkenii
565 1309 758 1343 nomen
783 1309 958 1342 earum
985 1293 1283 1360 dignitatem
1305 1307 1356 1345 et
1374 1313 1489 1363 pre-

59 1386 186 1440 tium
207 1385 317 1435 satis
337 1384 578 1435 tuebitur.

31 1475 33 1477 ’
195 1476 437 1527 Tandem
467 1493 660 1525 novum
690 1475 813 1525 huic
857 1475 1070 1526 editioni
1100 1475 1302 1526 acceffit
1330 1478 1490 1528 decus

19 1569 364 1622 ‘liberalitate
397 1567 629 1619 eiusdem
669 1585 825 1635 quem
869 1579 1020 1617 antea
1049 1567 1277 1630 laudavi,
1316 1570 1491 1619 Lenzii

22 1642 30 1702 '1⁷
63 1659 369 1711 concellum.
433 1660 660 1708 Donavit
692 1661 830 1707 enim
855 1657 982 1706 mihi
1013 1662 1178 1726 (quae
1206 1658 1274 1709 est
1304 1662 1410 1710 eius
1437 1664 1492 1709 in

36 1781 37 1786 =
60 1769 148 1815 rue
177 1751 401 1819 benigna
428 1750 690 1810 voluntas)
720 1748 885 1797 fratris
915 1747 987 1798 sui
1016 1752 1118 1800 vita
1150 1749 1381 1801 defuncti
1401 1751 1493 1801 ob=

26 1839 364 1895 &Nationes
410 1841 478 1891 ad
524 1842 826 1892 Terentium
873 1858 903 1888 a
954 1839 1215 1908 semetipso
1271 1826 1358 1892 exv
1386 1846 1492 1893 eius

65 1933 393 1986 collectaneis
430 1932 573 1982 haud
603 1950 762 2000 parvo
793 1925 975 1999 labore
1007 1931 1303 2001 descriptas,
1350 1950 1493 2001 quas,

36 2019 224 2095 f-quum
264 2026 556 2092 acceperim
602 2024 830 2075 editione
879 2023 992 2074 fere
1030 2036 1139 2072 tota
1182 2025 1253 2074 ad
1295 2024 1496 2074 umbili-

38 2099 184 2172 scum
214 2117 489 2184 perducta,
531 2115 617 2165 sub
653 2115 958 2166 coronidem
987 2115 1184 2178 adieci,
1228 2116 1411 2166 dolens
1441 2120 1494 2166 in

51 2195 178 2259 *fatis
204 2201 460 2278 fuiffe,⁴ut
494 2221 674 2258 auctor
703 2221 868 2258 morte
906 2190 1056 2257 nimis
1085 2218 1285 2257 matura
1319 2206 1496 2258 exstin-

46 2312 177 2354 ctus
222 2299 313 2362 has
354 2312 404 2349 et
442 2299 564 2349 alias
617 2302 975 2351 annotationes
1024 2298 1130 2367 ipse
1180 2299 1339 2349 edere
1386 2316 1496 2348 non

44 2394 304 2459 potuerit.

199 2484 259 2530 In
284 2481 590 2532 exantlando
611 2481 790 2537 labore
808 2482 930 2531 huic
958 2483 1105 2547 operi
1122 2480 1350 2548 impenso
1367 2479 1495 2529 istud

36 2573 191 2633 gmihi
230 2571 543 2641 propofitum
580 2586 710 2634 erat,
751 2586 830 2634 ut,
874 2589 1010 2640 quae
1039 2571 1173 2621 forte
1205 2572 1411 2620 fortuna
1441 2575 1496 2620 iu

0 2661 9 2696 ss
39 2649 207 2721 -meas
238 2682 419 2714 manus
450 2664 752 2725 inciderint,
796 2662 1108 2712 adminicula
1136 2675 1184 2711 et
1207 2663 1498 2730 corrigendi

32 2812 34 2814 v
72 2767 123 2807 et
152 2756 444 2824 explicandi
463 2757 716 2815 Terentii,
763 2757 879 2805 viris
912 2754 1074 2804 doctis
1098 2751 1364 2816 offerrem,
1407 2756 1495 2820 qui
