1812 3100
290 161 388 219 274

589 137 1412 202 HEAUTONTIMORUMENOS.

288 288 489 338 Decesse
503 284 573 346 ⁶¹)
606 284 866 352 populum.
905 302 997 334 cur
1015 286 1186 335 insano
1208 284 1269 347 6²)
1305 287 1512 336 serviat?
1641 331 1645 336 .

290 360 371 407 De
394 355 529 404 illius
555 353 616 416 63)
649 354 868 420 peccatis
895 352 1042 419 plura
1059 352 1120 412 64)
1157 354 1301 411 dicet,
1323 356 1388 415 66)
1424 360 1539 405 cum
1563 354 1706 406 dabit

281 423 426 471 -Alias
452 440 634 480 novas,
678 419 765 483 nisi
785 419 931 469 finem
959 420 1236 471 maledictis
1260 422 1388 472 facit.
1411 421 1474 483 66)

219 501 273 544 35
288 491 461 539 Adeste
484 489 545 552 67)
583 507 749 557 aequo
784 490 974 545 animo,
1014 485 1131 537 date
1163 489 1283 538 mihi
1319 492 1612 556 potestatem

287 559 552 607 Statariam
575 555 636 614 63)
674 574 842 621 agere,
883 569 940 604 ut
957 555 1105 605 liceat
1126 576 1214 623 per
1237 556 1480 606 silentium

289 629 369 675 Ne
392 626 580 692 semper
601 626 768 674 servus
790 641 1013 681 currens,
1031 623 1091 680 69)
1125 627 1285 676 iratus
1308 627 1451 674 senex
1473 629 1535 686 7⁰)

289 692 427 741 Edax
447 691 718 759 parasitus,
762 690 1068 756 sycophanta
1089 696 1163 755 7¹)
1181 706 1349 740 autem
1384 693 1668 760 impudenS,

290 761 485 809 Avarus
518 759 635 809 leno
671 758 856 807 assidue
889 759 1064 823 agendi
1091 765 1169 821 72)·
1188 759 1279 808 sint
1306 761 1416 819 seni,
1438 765 1476 824 ἢ)

218 844 271 892 4ο
288 828 514 877 Clamore
535 830 724 876 summo
739 866 749 885 ‚
783 843 898 875 cum
921 826 1093 883 labore
1113 845 1361 876 maxumo.

289 901 410 945 Mea
433 897 581 946 causa
609 900 669 957 73)
705 894 900 944 causam
927 893 1057 944 hanc
1081 896 1255 944 iustam
1273 896 1367 944 esse
1387 896 1608 944 animum
1636 894 1706 943 in-

649 963 829 1019 ducite,
860 965 920 1021 74)

296 1038 367 1082 Ut
391 1032 560 1099 aliqua
597 1049 715 1098 pars
751 1028 939 1079 laboris
963 1034 1022 1090 75)
1058 1030 1319 1078 minuatur
1345 1028 1479 1078 mihi.

291 1104 425 1152 Nam
457 1117 596 1149 nunc
626 1116 786 1158 nova-s
822 1094 883 1158 76)
924 1100 1015 1166 qui
1046 1097 1286 1156 scribunt,
1340 1097 1463 1146 nihil
1490 1110 1709 1166 parcunt

646 1167 757 1214 seni.
790 1175 849 1228 77)

291 1239 344 1289 Si
367 1254 470 1306 qua
486 1238 524 1298 *)
546 1236 608 1295 78)
643 1232 890 1283 laboriosa
922 1235 1012 1292 est,
1050 1232 1114 1282 ad
1145 1250 1221 1281 me
1252 1234 1484 1282 curritur.
1508 1231 1572 1296 79)

353 1381 419 1428 61)
442 1392 508 1427 pro
533 1377 712 1413 decesfiffe
766 1378 831 1424 62)
856 1377 952 1412 servo
1009 1370 1076 1421 65)
1100 1375 1270 1419 maledici
1333 1376 1393 1420 64)
1417 1375 1503 1411 vitia
1563 1375 1628 1421 65)
1656 1373 1710 1409 di-

399 1450 478 1472 cam
508 1437 563 1471 vel
591 1436 748 1483 populus
779 1433 902 1468 dando
934 1434 967 1468 ei
993 1432 1115 1467 locum
1178 1435 1243 1479 66)
1284 1432 1346 1467 ille
1373 1431 1572 1467 maledicus
1600 1442 1710 1479 poeta

397 1495 464 1541 67)
498 1494 669 1530 adestote.
699 1492 814 1526 favete
887 1492 948 1532 63)
982 1489 1099 1524 standi
1128 1489 1326 1524 licentiam.
1371 1489 1563 1526 stationem
1590 1501 1709 1523 meam

398 1549 631 1599 tranquillam
659 1549 697 1582 in
724 1547 864 1582 scenam
898 1546 1060 1593 (scena)
1088 1546 1194 1580 facite
1223 1557 1262 1581 ut
1290 1546 1457 1582 audiatur
1476 1558 1555 1582 men
1586 1545 1709 1581 fabula

397 1610 463 1657 69)
497 1609 535 1642 in
569 1606 692 1641 fabula
755 1606 818 1650 70)
859 1603 1002 1638 [abulae
1047 1602 1084 1636 in
1131 1602 1262 1649 quibus
1297 1604 1388 1638 haec
1429 1603 1710 1639 introducuntur

414 1669 475 1712 71)
509 1663 684 1711 inpostor.
709 1662 952 1696 calumniator
1018 1663 1076 1704 72)
1110 1659 1368 1694 introducendi

1433 1661 1468 1706 ⁴¹)
1492 1662 1582 1696 edit.
1615 1659 1709 1694 mihi

398 1726 456 1768 73)
490 1731 637 1768 propter
671 1732 729 1753 me
799 1719 862 1764 74)
896 1716 1030 1752 credite
1101 1717 1163 1761 75)
1198 1715 1407 1750 vociferatio
1448 1717 1502 1750 in'
1520 1715 1707 1751 recitando

401 1779 465 1824 76)
484 1777 623 1812 fabulas
672 1779 728 1820 77)
747 1774 838 1810 mihi
885 1775 920 1820 ⁴)
943 1774 1033 1809 edic.
1056 1784 1148 1819 quae
1194 1772 1258 1817 78)
1281 1767 1402 1805 fabula
1449 1775 1506 1817 79)
1531 1783 1612 1806 cum
1633 1783 1709 1817 gra-

401 1826 455 1870 vis⁴
469 1834 605 1881 -aliquo
628 1831 790 1868 sermone
809 1829 1022 1879 composita.
1053 1829 1099 1862 ad
1120 1841 1176 1862 me
1195 1827 1344 1862 retertur
1363 1827 1565 1873 corrigendi
1582 1829 1707 1874 gratia.

340 2011 397 2048 32.
424 2004 558 2050 deceſj'e
592 2003 793 2049 populum]
858 2001 965 2035 inter-

294 2071 412 2109 pretes
431 2060 554 2095 frustra
571 2059 604 2094 se
624 2070 794 2107 torquent
812 2058 850 2091 in
868 2057 965 2091 hanc

293 2118 491 2153 lectionem
525 2117 755 2165 explicando.
822 2112 965 2148 Verissi-

295 2186 356 2210 ma
384 2173 433 2209 est
461 2170 641 2209 Perizonii
677 2169 880 2207 emendatio
906 2172 964 2205 di-

294 2227 388 2278 ‘aeiffi-
411 2232 602 2276 populum.
649 2229 746 2264 Nam
770 2227 963 2261 Terentius

295 2286 423 2324 Luscio
441 2287 593 2322 Lavinio
622 2285 709 2320 vitio
735 2283 839 2318 §ertit
864 2281 964 2329 quod

295 2343 474 2392 populum
528 2343 567 2377 in
627 2342 731 2377 scena
783 2339 965 2375 induxerit

296 2414 380 2444 ‘cum
399 2400 495 2436 [ervo
517 2401 740 2448 loquentem.
765 2394 965 2443 (Adprobat

252 2468 258 2473 ·
296 2456 432 2499 Bentl.)

342 2516 400 2559 36.
424 2512 654 2561 scacarium]
703 2509 837 2545 scilicet
865 2508 966 2543 fabu-

297 2572 384 2608 lam.
447 2573 620 2607 stataria
660 2567 783 2603 fabula
821 2565 964 2604 dicitur,

298 2625 338 2664 in
360 2640 431 2675 qua
450 2641 521 2662 non
543 2626 648 2661 multi
669 2621 841 2659 discursus
862 2622 964 2661 sunt;

295 2693 391 2733 'quae
421 2684 578 2718 maxima
607 2693 707 2731 parte
733 2680 888 2716 sedatior
916 2677 966 2718 est

298 2753 334 2778 et
362 2741 489 2778 stando
509 2740 644 2786 agitur,
682 2739 741 2774 cui
770 2735 967 2784 opponitur

1040 1998 1202 2034 motor-ia
1230 1995 1331 2043 qune'
1354 1995 1488 2031 multos
1505 1994 1617 2031 habet
1632 2008 1709 2031 mo-

1040 2066 1097 2090 tus
1117 2065 1152 2089 et
1173 2053 1305 2088 cursus.

1085 2117 1143 2155 41.
1169 2124 1246 2146 mea
1269 2108 1404 2156 causa]
1450 2121 1531 2143 mea
1553 2108 1655 2144 eausa
1674 2120 1710 2145 et

1042 2168 1241 2214 elegantius
1260 2179 1304 2201 ex
1323 2163 1385 2200 usu
1401 2176 1557 2200 veterum
1577 2165 1710 2201 dicitur

1040 2237 1148 2272 quam
1170 2224 1241 2258 mei
1273 2221 1392 2258 causa.
1415 2221 1507 2256 infra
1536 2223 1582 2257 V.
1612 2232 1646 2266 5,
1675 2236 1708 2257 v,

1038 2283 1105 2317 ult.
1134 2295 1167 2316 v.
1198 2282 1321 2315 Burm.
1352 2277 1399 2312 ad
1426 2277 1580 2314 Phaedr.
1606 2278 1650 2315 L.
1676 2280 1708 2314 Ι.

1040 2351 1096 2374 22.
1118 2345 1152 2382 4.

1084 2402 1141 2439 44.
1159 2395 1199 2441 fi
1227 2394 1322 2441 qua]
1390 2390 1576 2427 Bentleius
1603 2389 1709 2425 metri

1042 2451 1145 2486 causa
1169 2451 1330 2494 ediditfi
1351 2459 1455 2497 qnae.
1503 2446 1709 2483 promiscue

1042 2508 1172 2543 dicitur
1187 2508 1231 2553 fi
1251 2510 1314 2557 qut
1332 2506 1414 2550 etfi
1432 2508 1534 2554 quis.
1557 2503 1599 2549 st
1618 2515 1709 2550 quae

1041 2575 1077 2599 et
1098 2565 1141 2610 fi
1170 2570 1254 2609 qim,
1284 2576 1316 2598 ν.
1347 2563 1530 2609 interpret.
1560 2560 1604 2594 ad
1624 2561 1706 2597 Cic.

1042 2620 1088 2655 ad
1109 2621 1214 2655 Attic.
1234 2621 1297 2654 IV.
1328 2619 1411 2664 2st
1437 2628 1529 2666 quae
1545 2620 1606 2653 vis
1623 2614 1708 2661 esset

1031 2680 1146 2722 facea
1170 2688 1210 2713 et
1227 2675 1346 2712 Bentl.
1367 2673 1415 2710 ad
1434 2676 1520 2711 Hor.
1539 2672 1640 2722 epist.
1659 2674 1706 2711 11.

1040 2736 1071 2770 b.
1096 2747 1149 2768 ιο.
