1696 3112
239 213 321 249 xvt

237 334 318 382 ius
355 349 547 382 nomen
583 335 789 383 interire
817 332 988 384 Musae
1022 350 1130 384 non
1164 333 1348 399 fiuent,
1395 337 1462 386 'ad
1494 341 1654 387 Con-

237 427 336 472 rin
349 426 453 490 giu
463 441 514 471 m
528 460 539 483 ‚
578 424 910 474 Prosefforem
925 425 1368 478 Helmstadiensem
1381 465 1393 490 ,
1426 426 1655 477 mitteba-

235 527 344 575 tur,
379 526 435 561 ut
450 515 695 563 iudicium
726 515 792 564 de
826 532 888 564 eo
914 514 1105 565 ferret-⁴
1149 516 1242 568 Iste
1261 518 1395 568 haec
1413 521 1468 567 in
1484 517 1653 569 fronte

234 606 367 656 Msti
401 604 638 672 inscripsit
648 642 661 667 ,
718 605 839 654 teste
868 607 910 656 J.
940 606 1237 658 Burckhard
1277 608 1442 659 histor.
1471 608 1654 658 biblio-

234 696 418 746 thecae
436 694 682 762 Augustae
701 698 737 744 Ι.
761 714 873 761 229.
947 695 1227 748 Terentius
1246 700 1385 749 cod.
1410 694 1650 749 c'hartac.

237 786 432 835 Codex
451 786 540 838 hic
561 789 811 834 concinet
814 787 1033 851 scholia
1051 791 1111 836 in
1135 791 1448 839 comoedias
1468 807 1650 838 omnes

241 879 600 926 Terentianus
628 895 744 924 non
775 880 1196 927 contemnenda.
1248 881 1373 947 Quis
1393 866 1649 945 illesclzo-

230 966 405 1032 liastes
432 972 663 1035 ignoro;
716 968 814 1031 nfi
848 970 1000 1035 quod
1035 971 1441 1036 deprehendam
1471 983 1527 1019 et
1563 989 1650 1019 ae-

228 1071 352 1108 tate
371 1060 428 1107 'et
460 1061 722 1106 doctrina
753 1059 906 1108 illum
936 1057 1031 1125 “iffi‘’
1049 1063 1279 1109 Donato
1314 1063 1651 1127 inferiorem.

227 1151 361 1200 Non
388 1151 554 1198 credo
589 1150 852 1198 hactenus
881 1149 1176 1217 impreffum
1198 1148 1456 1218 prodigffe
1486 1153 1546 1199 in
1572 1151 1649 1198 [ιι-

231 1259 358 1289 cem.
462 1240 732 1288 Velamen
770 1243 828 1288 in
855 1241 1024 1288 Italia
1061 1239 1157 1307 effe
1196 1253 1520 1293 exaratum,
1578 1247 1647 1288 eae'

228 1333 458 1380 adiectis
473 1331 588 1397 sini
632 1335 807 1397 operis
847 1331 1119 1396 verficulis
1149 1332 1357 1379 Italicis
1389 1331 1648 1396 colligere

227 1421 315 1487 esi.
398 1422 601 1470 Modus
629 1420 914 1486 scribendi
959 1423 1207 1474 indicat,
1230 1444 1233 1447 ’
1249 1421 1518 1488 scriptum
1550 1418 1649 1484 effe

227 1524 362 1560 ante
391 1513 487 1560 hos
524 1523 799 1560 trecentos
837 1513 932 1560 vel
973 1512 1411 1579 quadringenco‘s
1445 1528 1645 1562 annos,

229 1620 545 1669 quanquam
564 1602 670 1668 ipste
688 1615 888 1650 auctor
908 1603 1074 1669 longe
1083 1602 1164 1667 fic
1185 1606 1485 1668 antiquior.
1552 1605 1648 1650 Co-

227 1693 397 1743 dicem
429 1705 546 1742 ante
578 1692 799 1742 seculum
827 1695 954 1740 XIII.
984 1706 1243 1742 exaratum
1273 1690 1396 1753 esse,
1440 1691 1509 1740 ob
1542 1708 1647 1739 ma·

223 1786 403 1834 teriam
434 1786 518 1833 cui
544 1783 805 1850 inscriptus
836 1782 926 1841 est,
981 1783 1205 1832 chartam
1249 1782 1435 1831 scilicet
1468 1781 1646 1831 hodie·

224 1891 350 1923 num
383 1872 610 1923 usitatam
646 1873 878 1923 affirmari
912 1876 1104 1943 nequit.
1168 1873 1306 1920 Num
1341 1872 1510 1921 adhuc
1543 1873 1647 1940 Gu-

226 1964 508 2031 elpherbyti
535 1947 835 2026 adservettir‚
865 1964 946 2014 vel
966 1981 1068 2033 quo
1090 1976 1337 2013 terrarum
1363 1962 1645 2023 devenerit,

225 2030 400 2105 dic’ere
430 2073 536 2104 non
556 2056 741 2106 habeo.
764 2061 910 2106 Certe
931 2072 1037 2103 non
1062 2052 1129 2104 eft
1162 2053 1265 2102 duo
1289 2052 1641 2121 Guelpherbjr-

170 2179 173 2182 -
222 2157 459 2194 tanorum
480 2165 630 2208 unus,
665 2163 794 2213 quos
822 2163 916 2213 pro
949 2146 1172 2195 editione
1193 2144 1436 2193 Bothiana
1459 2143 1521 2192 cl.
1542 2142 1646 2192 Ge·v
1695 2166 1696 2186 2

230 2234 393 2286 senius
412 2248 535 2286 tunc
551 2236 843 2286 Helmstadii
869 2237 1058 2303 degens
1083 2235 1309 2284 contulit.
1376 2235 1483 2282 Hos
1506 2235 1645 2282 enim

222 2325 421 2376 scholiis
443 2326 540 2377 five
561 2325 720 2393 gloffis
743 2326 1000 2376 destitutos
1022 2324 1143 2386 ess'e,
1193 2323 1383 2375 doctiff.
1405 2323 1493 2373 ille
1525 2323 1645 2372 Ge-

220 2413 460 2485 l‘elniu's',
503 2418 689 2479 Halae,
724 2417 813 2466 ubi
848 2433 987 2465 nunc
1010 2414 1300 2465 Profefforis
1322 2413 1670 2480 Theologiae¹

219 2520 436 2574 munere
453 2506 700 2577 fungitur,
757 2507 881 2556 mihi
913 2509 1148 2556 narravit.
1214 2506 1379 2554 Alium
1403 2500 1642 2553 codicem

220 2597 586 2647 Terentianum
650 2596 809 2665 glossis
884 2596 1133 2664 repletum
1198 2584 1434 2661 scriptum
1500 2609 1640 2641 anno

219 2689 648 2738 MCCCCLXXIV.
674 2688 955 2755 poffidebat
981 2685 1176 2736 doctiss.
1211 2684 1444 2747 N‘iclas‚
1468 2695 1641 2732 rector

220 2776 619 2846 Luneburgicu3‚
643 2783 730 2848 qui
752 2780 890 2830 hunc
912 2796 1029 2829 cum
1052 2777 1231 2827 ceteris
1253 2774 1345 2824 suis
1370 2772 1508 2823 libris
1529 2769 1642 2840 post
