1780 3100
269 164 334 212 50

761 143 763 146 ⁴
820 157 1123 208 ANDRIA.

268 293 524 352 Procedit3
557 291 834 359 sequimur3
869 290 930 340 ad
957 288 1272 358 sepulchrum
1292 289 1562 346 venimus3V

264 369 320 412 In
341 365 502 429 ignem
524 357 749 426 imposita
768 361 807 420 ³⁶¹)
829 360 906 407 est.
949 357 1135 407 Fletur.
1169 364 1365 406 Interea
1386 355 1512 406 haec
1531 355 1693 413 soror,¹

269 434 431 497 Quam
457 428 582 486 dixi,
615 425 678 474 ad
700 425 950 474 flammam
981 423 1590 491 acceffitimprudentius3
1619 427 1682 483 7⁵)

268 502 330 547 Et
350 501 388 557 *)
418 513 533 544 cum
562 492 801 560 periculo.
866 492 1077 608 [biltum
1109 494 1423 541 exanimatus
1444 488 1504 554 76)
1545 493 1684 539 Pam·

853 560 938 626 phi
963 578 1035 617 us,
1627 557 1629 559 ’

175 642 253 685 ιο5
267 636 403 682 Bene
424 626 778 678 disfimulatum
800 645 1020 677 amorem
1040 639 1090 675 et
1110 612 1327 676 celatum
1346 624 1550 684 indicat,

327 771 363 818 ⁸)
393 771 491 806 Edit.
516 771 646 805 Zeum‘i
672 765 841 814 pofita'st.
902 768 975 802 Sed
1006 765 1226 813 Wefierlrov.
1248 763 1458 811 impefitn'st
1476 767 1543 811 qui
1559 767 1620 802 ica
1635 777 1686 801 ex

374 831 454 874 Mſj:
474 827 607 862 edidit.
637 828 696 861 uti
720 827 798 859 iam
825 825 919 859 olim
950 824 1124 867 Heinsius
1153 834 1264 870 acque
1294 825 1352 858 ita
1380 809 1496 857 e‘tiam
1515 824 1686 868 summus

376 885 564 920 Bentleius
628 882 692 926 75)
724 881 904 916 incautius
960 880 999 926 ⁴)
1029 882 1129 914 Haec
1153 880 1264 914 lectio
1290 881 1342 923 efi
1366 878 1531 926 sequior.
1578 878 1688 924 ,Olim

373 943 472 976 enim
492 939 687 985 legebatur
715 951 755 973 ut
779 951 827 973 ea>
845 940 972 984 finnio
1000 939 1141 972 liturae
1171 937 1415 981 vestigiisque
1439 935 1611 970 binarum
1637 936 1687 970 li-

375 1009 540 1033 ter-arum
550 996 763 1042 ssconiici
779 995 898 1040 potest
917 992 999 1028 saxis
1021 1007 1134 1041 neque
1148 994 1262 1028 aliter
1279 993 1369 1028 edit.
1411 989 1567 1025 Eaedem
1587 1001 1688 1038 pree-

374 1053 496 1088 ferunt
523 1054 661 1097 periclo
729 1052 793 1096 76)
820 1050 957 1085 dolore.
987 1049 1123 1085 Tribus
1159 1047 1278 1084 modis
1313 1046 1599 1095 deprehenditur
1623 1043 1687 1081 hic

378 1108 593 1157 Pamphilus
620 1105 774 1148 affectu,
809 1106 928 1146 facto.
971 1105 1084 1144 dicto.

277 1262 387 1300 verb0
416 1249 626 1308 pro'cedere.
691 1259 811 1294 Habet
844 1259 942 1294 enim

271 1319 568 1366 fignificationem
590 1329 747 1367 pompae
770 1328 806 1352 et
831 1317 943 1363 gravi·

271 1377 358 1413 tatis
388 1377 424 1411 in
454 1374 589 1410 incessu
621 1374 800 1421 inprimis.
845 1374 943 1408 Con-

272 1434 327 1470 sul
356 1433 550 1482 procedere
580 1431 731 1470 dicitur.
762 1443 844 1465 cum
873 1430 944 1477 pri-

272 1504 336 1526 mo
355 1490 558 1525 consulatus
580 1489 639 1523 die
660 1488 697 1522 in
717 1486 942 1535 capitolium,

273 1548 470 1582 comitante
492 1546 690 1580 amicorum
710 1555 858 1584 caterva,
882 1544 946 1579 de-

272 1603 430 1642 ducitur.
447 1616 478 1637 v.
499 1601 685 1637 Drakenb.
718 1601 764 1635 ad
790 1601 857 1636 Sil.
877 1603 946 1636 Ita·

271 1660 335 1697 lic.
357 1661 420 1694 VI.
437 1666 518 1704 444.
551 1659 677 1694 eadem
701 1658 754 1693 vis
781 1657 831 1693 est
849 1657 946 1692 verbi

273 1718 443 1754 incedere
469 1728 500 1749 v.
522 1717 682 1762 Propert.
702 1717 749 1750 ΙΙ.
770 1727 804 1752 2.
822 1723 882 1758 58.
912 1726 948 1750 et

273 1774 327 1809 ibi
356 1771 561 1807 Broukhus.

323 1842 400 1866 101.
423 1830 660 1874 sepulcrum]
707 1827 770 1863 hic
796 1826 946 1875 ponitur

272 1900 340 1936 pro
369 1888 469 1933 busco
495 1884 547 1918 vel
568 1899 661 1932 rogo
686 1894 726 1919 ut
754 1894 941 1921 contextus

275 1945 396 1981 docet.
427 1944 504 1979 Cic.
524 1944 625 1978 Verr.
646 1942 691 1975 V.
714 1941 769 1984 36.
799 1951 840 1976 ut
867 1941 941 1976 duo

206 2023 209 2026 ·
267 2005 443 2052 sepulcra
462 2002 620 2036 duorum
637 2010 854 2043 praetorum
874 2000 942 2033 im—

275 2060 476 2107 proborum
529 2060 837 2104 constituerentur
878 2053 942 2087 ubi

275 2117 553 2150 v.-Hotomann.
579 2124 613 2148 et
639 2112 686 2147 fic
702 2113 860 2156 sepelire
891 2109 944 2143 di-

275 2174 370 2208 citur
386 2172 431 2207 de
451 2169 699 2206 combustione
719 2178 753 2202 et
772 2179 945 2214 quocum-

276 2243 348 2279 que
376 2242 503 2274 genere
540 2225 721 2261 cadaveris
752 2222 943 2259 amovendi

273 2287 353 2324 Liv.
372 2286 464 2321 VUI.
483 2290 538 2327 24.
557 2285 816 2329 sepultumque
846 2284 942 2319 Con.-

264 2347 390 2392 se'ntio
426 2343 527 2391 quod
562 2341 808 2377 membrorum
852 2339 941 2374 reli·

273 2413 388 2450 quum
399 2401 483 2444 fuit
502 2397 563 2432 ubi
585 2411 616 2431 v.
629 2395 814 2432 Drakenb.
835 2393 942 2433 Simi-

273 2457 358 2493 liter
375 2457 525 2493 humare
545 2454 676 2489 dicitur
696 2465 760 2500 pro
779 2463 943 2487 cremare

275 2515 356 2552 Cic.
377 2513 422 2548 de
443 2513 550 2559 legib.
574 2513 619 2546 ΙΙ.
641 2523 696 2546 22.
723 2510 824 2558 quod
847 2520 943 2544 nunc

275 2573 520 2609 communiter
553 2572 594 2605 in
626 2568 796 2603 omnibus
816 2566 942 2611 sepul-

275 2631 327 2665 tis
371 2641 444 2666 ec,
495 2638 538 2662 ut
573 2625 719 2660 Ιιιιιηιιιι·
756 2625 942 2661 dicantur,

274 2685 319 2723 id
357 2696 441 2721 eruc
480 2686 675 2729 proprium
704 2693 784 2716 eum
812 2683 853 2715 in
880 2681 942 2717 iis,

275 2757 366 2792 quos
393 2740 523 2777 humus
542 2743 678 2776 inieaeca
697 2745 918 2783 conteget-ee.

1066 1270 1142 1294 102.
1175 1260 1219 1294 in
1245 1260 1372 1304 ignem
1405 1255 1586 1302 imposita
1609 1255 1685 1300 esc]

1019 1315 1107 1349 olim
1125 1314 1189 1348 hie
1207 1313 1392 1360 legebatur
1411 1316 1452 1350 in
1477 1315 1604 1358 ignem
1619 1326 1688 1357 po-

1009 1373 1090 1419 fita
1117 1370 1218 1420 quod
1248 1368 1395 1405 defendi
1423 1368 1542 1416 potest
1573 1381 1616 1403 ex
1642 1368 1686 1402 iis

1019 1441 1111 1477 quae
1129 1427 1369 1474 Oudendorp.
1391 1425 1437 1460 ad
1457 1424 1549 1460 Hist.
1579 1424 1624 1460 de
1643 1425 1686 1459 Β.

1020 1487 1068 1521 G.
1094 1487 1193 1521 vul.
1214 1486 1271 1529 46.
1293 1482 1490 1520 annotavit.
1536 1481 1686 1517 Rectius

1019 1553 1141 1579 tamen
1180 1542 1247 1576 viri
1278 1539 1376 1574 docti
1404 1552 1422 1574 e
1450 1537 1531 1574 Mst.
1549 1550 1690 1574 revoca-

1020 1610 1105 1635 runt
1122 1603 1162 1635 in
1179 1602 1304 1646 ignem
1327 1595 1518 1643 imposita.
1566 1597 1690 1641 Impo-

1021 1671 1108 1693 nere
1125 1660 1165 1693 in
1185 1659 1326 1692 locum,
1360 1666 1435 1688 non
1453 1652 1574 1687 minus
1592 1661 1688 1686 recte

1024 1714 1158 1749 dicitur
1178 1724 1286 1759 quam
1313 1714 1502 1758 imponere
1519 1712 1560 1745 in
1583 1710 1687 1747 loco.

1025 1769 1186 1817 quamvis
1223 1769 1328 1812 vulgo
1365 1761 1590 1812 grammatici
1621 1776 1691 1800 tra-

1022 1825 1121 1867 dant,
1147 1823 1448 1873 praepositionem
1479 1825 1521 1860 in
1549 1821 1690 1856 accula-

1018 1883 1131 1918 tivum
1172 1881 1385 1920 adlcitcere,
1414 1893 1497 1915 cum
1537 1889 1687 1918 motum,

1019 1939 1234 1977 ablativum.
1266 1951 1348 1972 cum
1373 1937 1530 1984 quietem
1558 1935 1689 1982 fignifi-

1019 2006 1087 2031 cat.
1110 1995 1190 2031 Cic.
1203 1988 1309 2029 Tusc.
1332 1993 1506 2039 φακῆ-Ι.
1524 1999 1579 2037 34.
1609 1996 1687 2028 Me·

1020 2055 1153 2089 cellum
1173 2053 1287 2087 multi
1301 2052 1390 2095 filii
1409 2053 1450 2086 in
1466 2064 1600 2097 rogum
1618 2053 1688 2085 im·

1021 2113 1183 2156 posuere.
1239 2107 1314 2143 Liv.
1340 2108 1369 2141 1.
1403 2114 1455 2147 18.
1485 2100 1623 2142 deaetra
1647 2109 1689 2143 in

1021 2177 1131 2212 caput
1145 2166 1288 2201 Numae
1295 2163 1472 2209 impolita
1481 2161 1543 2197 ubi
1555 2175 1585 2196 v.
1596 2162 1688 2197 Dra-

1020 2222 1131 2257 kenb.
1163 2220 1287 2255 addite
1313 2217 1466 2256 Miscell.
1497 2218 1682 2255 Observat.

1016 2281 1045 2315 Ι.
1067 2287 1146 2325 399.

1066 2341 1141 2379 ¹⁰4·
1166 2333 1432 2378 exanimatus]
1473 2332 1523 2368 est
1538 2333 1591 2368 ita
1609 2346 1687 2380 per-

1016 2392 1159 2428 territus
1186 2401 1226 2426 ut
1255 2390 1415 2424 animum
1439 2388 1495 2424 vel
1520 2387 1686 2437 spiritum

1017 2446 1211 2494 perdidiss'e
1234 2445 1406 2482 videatur.
1438 2445 1532 2481 infra
1549 2447 1577 2483 I.
1596 2453 1629 2490 4.
1650 2459 1684 2492 7.

1018 2507 1198 2554 quidnam
1233 2503 1466 2548 Pamphilum
1493 2505 1686 2539 examina-

1018 2575 1098 2598 tum
1116 2562 1240 2598 video.
1287 2559 1402 2606 Saepe
1422 2557 1588 2592 additum
1615 2571 1686 2594 me-

1019 2631 1060 2655 tu
1079 2629 1117 2652 ut
1138 2618 1175 2651 in
1196 2617 1338 2652 Phorm.
1360 2617 1420 2650 ΙΙΙ.
1443 2623 1478 2657 3.
1498 2622 1554 2656 3²·

1068 2683 1141 2716 ¹05·
1168 2675 1255 2709 bene
1283 2673 1557 2718 dissimulatum
1585 2684 1687 2707 amo-

1018 2731 1111 2775 rem]
1146 2733 1232 2767 hene
1253 2729 1301 2767 est
1322 2732 1438 2770 docte,
1460 2731 1588 2775 perite,
1610 2731 1691 2765 eal·
