1768 3106
245 186 349 242 564·

242 316 512 381 Nimisque
549 314 837 365 inhumane.

540 181 1368 252 HEAUTONnMoRUMENOS.

946 315 1083 365 Exeo
1118 317 1175 378 ’4)
1232 333 1350 383 ergo
1386 329 1444 367 ut
1473 327 1657 384 'pacem'

603 382 892 440 conciliem;
927 397 1136 447 optume

239 454 374 520 Ipsos
399 453 459 511 ¹5)
488 449 648 501 video.
715 450 820 499 CH.
855 454 932 500 He
962 451 1076 500 hem
1104 451 1396 503 Menedemo
1429 462 1658 505 cur‘non

601 517 770 568 arcessi
793 518 939 568 iubes

246 587 421 640 Filiam
441 599 494 636 et
511 586 654 654 quod
679 585 733 647 ’6)
771 587 904 636 dotis
927 586 1028 636 dixi
1053 585 1258 636 firmas?
1303 591 1393 639 SO.
1425 589 1500 639 Mi
1519 590 1597 640 vir
1652 605 1654 608 ’

200 668 227 709 5
245 660 323 705 Te
344 654 547 705 obsecro
569 673 634 704 ne
655 655 824 704 facias.
848 655 908 714 ¹7)
951 654 1043 704 CL.
1063 659 1213 706 Pater
1230 654 1434 706 obsecro
1457 670 1515 706 ut
1535 657 1656 707 mihi

602 724 842 789 ignoscas.

913 723 1072 773 MEN.
1101 725 1185 772 Da
1212 725 1412 773 veniam·
1432 724 1666 774 Chreme:

245 795 361 845 Sine
387 795 443 854 ¹8)
479 805 528 841 te
559 808 775 840 exorem.
843 789 948 839 CH.
993 791 1165 855 Egone
1190 796 1274 852 ¹³8²)
1307 810 1415 840 mea
1443 792 1580 842 bona
1599 805 1659 842 ut

601 858 712 910 dem
725 858 966 910 Bacchidi
981 858 1121 910 dono
1146 864 1186 898 ¹8
1197 858 1236 918 b)
1269 859 1424 910 sciens
1434 859 1460 909 ’ἲ

239 933 361 981 Non
389 928 581 978 faciam.
649 926 758 974 ME.
791 932 855 975 At
874 929 911 985 *)
943 945 1036 976 nos
1063 945 1166 975 non
1185 924 1413 978 finemus.

602 1013 681 1044 me
702 995 872 1045 vivum
895 996 970 1044 vis
996 1009 1137 1059 pater

1482 926 1575 979 CL.
1605 927 1658 979 Si

239 1065 449 1132 Ignosce.
501 1058 607 1111 ΒΟ.
648 1068 752 1128 Age
780 1061 1034 1111 Chremes.
1099 1063 1210 1112 ME.
1243 1066 1346 1130 Age
1376 1063 1561 1132 quaeso
1592 1080 1656 1112 ne

568 1154 571 1155 ⁷
599 1144 704 1180 tam
725 1128 938 1179 obfirma
956 1144 1004 1178 te
1026 1129 1279 1180 Chremes.

242 1202 339 1250 CH.
376 1197 513 1268 Quid
534 1199 675 1249 istic?
719 1198 877 1247 Video
898 1217 1002 1248 non
1023 1198 1173 1248 licere
1195 1212 1253 1247 ut
1273 1215 1539 1266 coeperam
1558 1196 1658 1248 hoc

602 1266 909 1333 pertendere.

174 1361 223 1388 ιο
238 1337 348 1386 ME.
368 1336 514 1385 Facis
537 1349 597 1384 ut
614 1349 663 1383 te
685 1334 840 1384 decet.
865 1340 922 1394 ι9)
965 1335 1060 1382 CH.
1082 1338 1151 1383 Ea
1178 1333 1284 1400 lege
1308 1332 1407 1384 hoc
1442 1332 1569 1383 adeo
1590 1336 1655 1396 ²⁰)

599 1402 802 1462 faciam,
823 1400 856 1451 fi
874 1402 927 1451 id
949 1410 1011 1462 2¹)
1043 1403 1208 1460 faciat,
1232 1406 1271 1460 *)

241 1472 398 1541 Quod
415 1489 508 1539 ego
525 1470 666 1520 hunc
689 1488 905 1537 aequum
919 1477 978 1531 2²)
998 1471 1184 1520 censeo.
1218 1474 1302 1519 CL.
1322 1472 1469 1518 Pater
1488 1469 1656 1519 omnia

602 1539 795 1588 Faciam.
824 1545 1030 1604 Impera.

246 1608 349 1658 CH.
382 1612 601 1658 Uxorem
625 1620 682 1655 ut
705 1606 874 1656 ducas.
892 1613 954 1663 23)

1019 1606 1112 1653 CL.
1146 1609 1305 1654 Pater.
1326 1606 1387 1664 ²4)
1436 1603 1656 1654 CH.>Ni-

601 1674 672 1723 hil
696 1674 859 1724 audio.
923 1675 1031 1724 ME.
1059 1674 1134 1722 Ad
1154 1692 1233 1723 me
1256 1673 1457 1739 recipio.

305 1842 367 1888 14)
393 1843 504 1888 Pergo
570 1845 626 1885 15)
649 1853 789 1889 patrem
816 1853 852 1877 et
880 1841 993 1876 filium
1055 1839 1122 1886 16)
1153 1848 1328 1886 quantum
1376 1840 1431 1882 ¹7)
1455 1848 1502 1872 ne
1519 1835 1655 1872 cruciet

346 1898 462 1933 filium
483 1909 586 1933 tuum
635 1900 694 1945 18)
718 1899 886 1947 permitte
936 1907 975 1939 18
990 1899 1023 1941 a)
1048 1898 1154 1933 vultis
1176 1907 1213 1932 ut
1231 1898 1308 1938 (an)
1326 1894 1468 1943 placeat
1508 1892 1600 1938 184³)
1615 1892 1655 1926 in

349 1955 450 1990 dono
474 1957 510 2002 ⁸)
527 1957 617 1993 edic.
637 1957 727 1992 add.
748 1955 787 1989 id
805 1956 1038 2001 improbante
1059 1957 1178 1991 Reme.
1222 1953 1282 1999 ¹9)
1299 1951 1326 1987 fi
1343 1950 1556 1986 reconcilies
1576 1949 1653 1983 filio

346 2021 410 2047 tuo
479 2014 546 2059 πο)
581 2023 676 2047 certe
737 2015 794 2053 ιι)
828 2011 855 2046 fi
880 2012 952 2046 hoc

1020 2011 1055 2058 *)
1088 2012 1181 2048 edic.
1205 2009 1233 2046 fi
1259 2009 1348 2045 lacit
1417 2005 1655 2054 22»dignum

347 2072 407 2112 23)
432 2068 528 2104 volo.
574 2070 640 2115 24)
663 2068 800 2105 scilicet
822 2082 911 2104 non.
932 2067 1015 2104 vel?

367 2261 476 2297 Aer.
501 2261 549 2295 V.
595 2260 729 2295 Sczn.
755 2268 789 2303 5.

291 2329 325 2352 2.
360 2318 511 2363 pacem]
571 2317 595 2351 i.
617 2330 648 2354 e.
678 2315 913 2352 concordiam

243 2374 339 2410 inter
356 2385 495 2423 patrem
514 2385 549 2409 et
563 2374 694 2422 filium.
705 2388 736 2412 v,
749 2373 853 2421 supra
864 2375 913 2409 V.

242 2444 277 2467 α.
295 2439 354 2476 45.

289 2496 323 2530 3.
348 2502 394 2524 ne
421 2488 605 2532 obfirma]
654 2486 693 2521 h.
723 2500 754 2521 e.
783 2499 829 2521 ne
851 2485 915 2520 ob·

242 2544 373 2580 stiuam
402 2556 437 2580 et
463 2544 696 2592 pertinaciter
716 2544 754 2578 in
784 2555 915 2590 propo-

242 2602 309 2638 fito
331 2602 483 2650 perfiste.
515 2615 547 2636 v.
575 2611 652 2638 not.
681 2599 728 2635 ad
745 2601 837 2638 Eun.
866 2601 910 2636 ΙΙ.

269 2685 277 2694 .
303 2672 356 2693 ιι.

244 2672 263 2694 ι
289 2728 323 2762 9.
360 2715 600 2760 pertendere]
656 2712 694 2748 h·
725 2726 756 2748 e·
787 2726 830 2747 eo
856 2725 914 2748 ua·

249 2785 319 2821 que
337 2771 505 2812 tendere,
530 2781 618 2807 tuuc
634 2769 830 2817 perficiam.

1039 2272 1091 2295 η.
1128 2261 1186 2296 nil
1213 2258 1355 2303 audio]
1409 2257 1436 2294 i.
1464 2257 1656 2296 esnullam

990 2315 1255 2352 exeusationem
1281 2315 1436 2363 accipio.

1035 2374 1089 2408 ad
1105 2387 1161 2409 me
1177 2374 1332 2418 recipio]
1378 2374 1402 2408 i.
1422 2386 1453 2408 o.
1467 2371 1654 2420 promitto,

988 2428 1151 2477 spondeo
1186 2429 1322 2479 {cilicet
1355 2427 1471 2477 ipsum
1506 2441 1655 2464 uxorem

989 2486 1194 2521 ducturum.
1221 2485 1368 2527 Plautus
1397 2487 1436 2522 iu
1453 2486 1532 2522 Mil.
1561 2485 1652 2530 glor.

988 2544 1033 2577 II.
1061 2555 1093 2578 2.
1123 2548 1178 2586 74.
1207 2555 1287 2580 cute
1318 2559 1412 2580 unus
1429 2543 1469 2589 fi
1492 2545 1656 2587 recipere

988 2599 1056 2634 hoe
1074 2601 1126 2635 ad
1146 2611 1182 2635 ee
1202 2601 1318 2640 diois.
1344 2601 1653 2645 cotfidmciaffl.

988 2655 1127 2691 Eodem
1158 2655 1258 2692 sensu
1276 2659 1414 2701 recipio
1431 2659 1472 2693 in
1490 2670 1543 2691 me
1563 2654 1655 2690 dicit

990 2713 1069 2748 Cic.
1097 2711 1143 2746 ad
1161 2712 1244 2747 Div.
1267 2715 1365 2749 xm.
1390 2726 1441 2759 ¹7.
1484 2709 1655 2748 Absolut-

988 2772 1150 2815 recipere
1167 2769 1217 2806 est
1235 2770 1274 2806 in
1292 2771 1440 2807 Phorm.
1460 2769 1508 2807 V.
1523 2781 1556 2815 7.
1573 2779 1609 2815 9.
