1812 3100
575 162 815 227 'Aen-I.
899 161 1072 211 SCEN.
1114 164 1149 218 Ῐ,
1492 116 1590 227 ,279

161 301 316 348 MEN.
344 296 475 365 Sine,
496 313 717 345 vacuum
737 292 778 355 *)
812 309 1012 363 tempus
1035 314 1099 346 ne
1129 295 1272 365 quod
1295 294 1402 347 dem
1432 295 1556 360 mihi

49 389 53 396 ¹
109 390 112 395 ¹
159 366 383 426 Laboris.
428 364 569 415 CRR.
601 367 721 414 Non
743 362 898 413 finam
927 365 1152 434 iuquam.
1199 367 1358 415 MEN.
1387 364 1453 415 ah
1479 384 1586 416 non

323 444 327 451 “
519 449 740 500 aequum
765 433 902 482 facis.

86 518 142 566 4ο
155 501 296 552 CHR.
325 501 442 551 Hui.
466 513 567 550 tam
587 502 753 566 gravis
776 500 869 550 hos
892 499 955 564 35)
990 502 1188 570 quaeso.
1243 505 1400 552 MEN.
1426 499 1490 566 3⁶)
1520 500 1586 554 fic

518 570 751 618 meritum
773 570 840 618 est
860 588 1039 619 meum.
1582 624 1588 631 ,

158 640 300 689 CHR.
331 640 487 689 Nunc
506 636 729 706 loquere.
796 642 953 688 MEN.
979 637 1159 687 Filium
1180 640 1391 689 unicum
1414 631 1581 689 adulo-⁴

517 705 796 756 [centulum
819 705 997 756 habeo.

159 775 226 826 At
244 774 371 845 quid
394 772 458 837 37)
494 774 595 823 dixi
618 773 802 823 babere
826 776 938 824 me?
972 777 1126 824 immo
1146 773 1301 824 habui
1323 773 1530 824 Chreme

149 847 306 897 Nunc
327 845 540 894 habeam
566 861 659 892 nec
682 861 743 890 ue
763 843 1013 892 incertum
1033 846 1111 892 est.
1180 845 1321 892 CHR.
1355 843 1480 911 quid
1504 844 1578 894 ita.

510 913 670 961 istuc?
701 916 765 972 38)
832 916 990 962 MEN.
1026 913 1163 961 scies.

40 1043 57 1048 ,Ἴ
147 982 272 1031 Este
293 979 534 1031 Corintho
559 982 622 1034 39)
656 980 737 1028 hic
757 979 952 1030 advena
976 999 1105 1029 anus
1130 977 1445 1046 paupercula

27 1077 49 1114 ¹.
74 1053 265 1117 45Eius
295 1048 447 1098 filiam
480 1048 561 1098 ille
582 1066 752 1098 amare
774 1047 839 1107 4⁰)
877 1050 1048 1113 coepit
1068 1049 1309 1114 virginem
1333 1046 1374 1109 *)

19 1126 21 1129 “
146 1121 311 1185 Pnope
339 1119 441 1166 iam
471 1132 531 1167 ut
557 1135 651 1183 pro
687 1134 846 1166 uxore
885 1116 1116 1176 haberet,
1175 1115 1302 1165 haec
1331 1115 1459 1166 clam
1495 1133 1575 1167 me

507 1187 690 1235 omnia.
730 1188 793 1244 4¹)

123 1254 246 1319 ,Ubi
263 1254 317 1304 id
343 1252 384 1317 *)
417 1254 613 1312 rescivi,
647 1253 791 1320 coepi
814 1272 917 1303 non
935 1252 1232 1303 humanitus

142 1324 330 1391 Neque
360 1337 419 1373 ut
449 1323 672 1373 animum
696 1322 868 1381 decuit
903 1335 1167 1389 aegrotum
1188 1325 1253 1382 42)
1292 1319 1572 1371 adulescen-

504 1389 601 1440 tuli
1006 1428 1011 1433 .

147 1465 417 1519 Tractare,
488 1459 565 1507 sed
606 1457 671 1522 43)
723 1459 773 1510 vi
813 1472 864 1508 et
906 1459 990 1509 via
1032 1457 1114 1522 44)
1144 1454 1441 1524 pervulgata
1487 1473 1572 1523 pa-

499 1541 547 1577 tr
566 1546 634 1575 un
654 1531 698 1568 46

69 1610 122 1651 50
137 1596 332 1648 Cotidie
362 1594 429 1659 46)
473 1526 796 1712 aggiusabzim:
836 1594 902 1660 47)
957 1594 1096 1656 hem,
1141 1595 1206 1658 48)
1251 1594 1410 1643 tibine
1443 1591 1569 1670 haee

325 1678 328 1683 ’
535 1680 692 1714 mnus

144 1736 319 1791 Lime
341 1734 506 1805 speras
532 1733 694 1796 facere
717 1751 796 1782 me
818 1734 934 1782 vivo
957 1746 1114 1800 patre,

140 1803 368 1854 Amicam
391 1815 449 1850 ut
480 1800 669 1855 habeas
689 1820 851 1869 prope
872 1803 973 1851 iam
994 1803 1046 1850 in
1071 1801 1246 1850 uxoris
1270 1797 1422 1848 loco?

197 1960 234 2007 ⁴)
259 1960 354 1997 edit.
381 1957 544 1993 vacivom
591 1957 656 2004 35)
675 1956 802 1993 rastros
823 1957 913 1993 ferre
932 1969 1034 2006 potes
1083 1957 1145 2002 36)
1164 1954 1379 2003 interruptio
1426 1955 1485 1995 37)
1504 1965 1569 1999 pro

176 2052 179 2059 ,
245 2028 357 2065 quare
410 2015 475 2061 38)
498 2013 586 2050 scies
645 2016 709 2061 39)
734 2015 917 2051 Corintho
938 2025 1084 2050 venerat
1147 2015 1213 2060 4ο)
1241 2022 1362 2059 aperte
1419 2010 1455 2056 ⁴¹)
1478 2011 1570 2045 edit.

248 2073 411 2121 perdite.
436 2073 667 2118 improbante
685 2073 806 2109 Bentl.
854 2075 921 2118 41)
948 2072 1083 2108 fiebant
1128 2071 1164 2118 ⁴¹)
1189 2073 1278 2107 edit.
1302 2081 1379 2104 rem
1434 2069 1500 2112 42)
1529 2066 1571 2100 li-

243 2130 374 2166 bidine
391 2140 427 2164 et
446 2141 569 2164 amore
588 2139 735 2176 captum
756 2140 791 2165 et
809 2129 894 2165 ideo
917 2130 1139 2165 infirmatum
1187 2135 1248 2173 43)
1276 2140 1365 2162 eum
1423 2125 1491 2170 44)
1517 2135 1571 2157 ra-

244 2188 347 2224 tione
411 2190 471 2229 45)
498 2199 562 2232 per
588 2187 841 2222 conventicula
878 2199 1021 2234 patrum
1057 2186 1242 2230 divulgare
1302 2186 1369 2230 46)
1403 2179 1564 2218 dicendo

243 2244 310 2291 47)
337 2242 386 2279 fic
403 2243 519 2278 filium
539 2242 755 2289 obiurgabat
779 2244 905 2279 dicens
953 2248 1019 2291 48)
1045 2243 1245 2280 iraIcentis.

187 2438 249 2478 4ο.
286 2443 364 2467 eam
389 2428 554 2478 grava]
614 2442 748 2474 nempe
776 2430 815 2465 in
938 2435 995 2475 47.
1023 2444 1097 2465 non
1113 2427 1351 2472 humanitus]
1396 2426 1419 2460 i.
1442 2439 1472 2462 e.
1492 2437 1568 2460 nou

143 2501 255 2535 opere
283 2487 416 2523 rustico
445 2484 616 2520 faciendo
642 2485 762 2520 valida
781 2497 817 2522 et
892 2500 994 2522 more
1030 2485 1215 2524 humano,
1261 2497 1334 2519 non
1373 2482 1569 2517 clementer

137 2544 344 2594 ponderosa
395 2543 630 2580 instrumenta
666 2542 817 2578 adhibe·
892 2543 1008 2578 Rutil.
1037 2545 1129 2589 Lup.
1163 2544 1208 2577 11.
1240 2551 1296 2585 85.
1323 2540 1385 2576 ubi
1415 2553 1446 2575 v.
1475 2549 1568 2586 quae

138 2602 284 2638 bantur.
315 2601 458 2639 Tibull.
487 2603 532 2636 ll.
563 2608 596 2643 3.
627 2601 662 2638 6.
689 2599 753 2638 uhi
781 2613 815 2636 v.
894 2602 1164 2636 annotavimus.

137 2657 348 2696 Btoukhut.
939 2665 997 2703 49.
1025 2661 1095 2694 via
1113 2655 1362 2702 pervulgata]
1410 2654 1434 2688 i.
1454 2666 1485 2688 e.
1503 2650 1570 2687 ufi-

185 2725 244 2759 45.
269 2714 438 2761 perdite]
476 2714 500 2749 i.
521 2727 551 2752 e.
568 2713 814 2751 vehementer.
892 2724 969 2750 tata
1005 2716 1147 2751 ratione
1191 2712 1323 2760 agendi
1350 2714 1512 2758 Propett.
1539 2708 1568 2745 1.

139 2772 179 2808 iu
199 2772 345 2808 Phorm.
377 2774 405 2807 l.
427 2784 460 2807 2.
482 2779 539 2815 32.
897 2784 928 2807 1.
953 2780 1006 2816 ¹8·
