1780 3100
262 135 327 185 6ο

821 135 1156 185 ,ANDR1A.

259 266 428 317 Video.
453 267 636 315 Omnia
657 269 870 335 experiri
889 270 950 329 ⁴¹)
969 283 1162 319 certum
1177 270 1238 331 4²)
1258 269 1336 327 est,
1354 271 1497 338 prius
1501 284 1674 374 {qnam
1719 321 1726 326 s

615 353 778 401 pereo.
801 340 861 398 43)
928 339 1106 386 BYRR.

1138 337 1260 404 quid
1282 288 1389 388 hicp
1391 340 1524 404 agit?

259 403 442 450 CHAR.
488 402 648 467 Ipsum
686 402 822 453 hunc
854 406 915 466 44)
972 404 1153 462 oiab0‚
1208 403 1328 455 huic
1364 403 1671 473 supplicabo,

613 485 831 519 amorem
865 470 984 529 huic
1020 471 1237 522 nalrabo
1266 491 1443 522 meum.
1496 527 1498 529 ¹

257 534 458 585 Credo
444 549 626 602 impeti
629 538 741 596 abo
771 552 829 587 ut
854 558 944 604 per
973 543 1010 601 ²⁸)
1049 539 1248 607 aliquot
1278 539 1445 590 saltem
1476 540 1670 608 nuptiis

613 610 805 669 prodat
816 612 903 665 44²¹)
938 606 1057 656 dies.

253 674 450 719 Interea
468 666 577 733 445)
593 671 680 721 fiet
704 673 909 740 aliquid,
930 676 977 740 sp
982 692 1080 724 ero.
1119 675 1299 723 BYRR.
1322 672 1379 722 Id
1400 673 1592 743 aliquid
1608 665 1671 736 45)

614 741 737 789 mh11
756 742 832 790 est.
904 743 1085 790 CHAR.
1119 741 1309 805 Byrria,

188 817 236 857 15
253 805 388 873 Quid
431 805 522 855 tibi
562 807 792 857 videtur?
862 810 1039 857 Adeon
1072 806 1133 869 46)
1161 761 1243 855 yad
1287 810 1425 856 eum!
1489 809 1672 858 BYRR.

613 876 762 943 Quid,
782 878 843 939 47)
876 875 963 926 nifi
986 879 1023 938 *)
1066 874 1189 925 nihil
1210 879 1271 936 48)
1306 876 1576 942 impetres?

293 1007 380 1055 At)
414 1018 557 1054 tentare
614 1010 681 1056 42)
720 1008 919 1045 diffinitum
983 1010 1048 1055 43)
1082 1005 1284 1056 pertranseo
1315 1001 1317 1005 V
1347 1007 1413 1054 44)
1442 1007 1676 1056 Pamphilum

357 1066 393 1112 ⁴¹)
414 1068 516 1102 Haec
531 1081 612 1102 vox
630 1070 735 1113 erasa
751 1070 801 1113 est
823 1069 864 1102 in
877 1069 944 1101 MS
965 1079 1000 1103 et
1021 1068 1120 1113 abest
1140 1067 1254 1102 editis
1299 1070 1346 1109 44
1357 1066 1396 1111 a)
1421 1063 1577 1106 differat,
1593 1079 1676 1113 pro·

359 1121 468 1158 ducat
514 1124 610 1169 44b)
635 1123 661 1158 ss
680 1124 742 1158 ille
763 1123 965 1158 dilataverit
995 1124 1140 1170 nuptias
1186 1122 1252 1168 45)
1280 1121 1374 1156 illud
1406 1122 1546 1170 aliquid
1573 1122 1674 1171 quod.

355 1189 396 1214 tu
415 1180 506 1215 dicis
553 1181 619 1227 46)
648 1180 695 1214 ad
716 1191 819 1215 vacat
865 1180 930 1226 47)
957 1181 1049 1214 mihi
1078 1179 1252 1214 videatur.
1299 1178 1370 1213 Alii
1393 1179 1535 1225 Quidni
1566 1179 1594 1215 fi
1618 1180 1675 1214 ni-

357 1235 413 1271 hil
433 1237 601 1285 impetres
629 1247 669 1271 ut
688 1247 723 1271 te
743 1235 863 1271 arbitr.
891 1250 956 1284 pro
987 1236 1065 1271 nifi.
1093 1236 1148 1270 vel
1174 1235 1264 1283 quid
1283 1234 1350 1270 nisi
1367 1234 1462 1271 nihil
1488 1237 1672 1285 impetres.

357 1304 398 1328 ut
424 1305 459 1330 te
487 1295 608 1330 arbitr.

355 1352 446 1389 edic.
502 1353 567 1398 48)
604 1362 643 1386 ut
672 1349 769 1385 nihil

657 1294 692 1339 ⁴¹)
720 1293 846 1330 Lectio
865 1296 905 1330 in
922 1297 1092 1342 mat-gine
1117 1295 1258 1330 codicis
1275 1304 1413 1330 notata
1427 1296 1614 1339 reperitur·
1630 1297 1673 1331 in

254 1489 311 1525 ap.
340 1476 473 1511 Iulium
504 1476 690 1513 Rufinian.
724 1475 768 1512 de
802 1476 923 1522 figuris

251 1546 289 1581 p.
311 1541 390 1578 204.
409 1535 447 1579 fi
467 1550 537 1570 vos
557 1538 597 1571 in
617 1551 658 1572 eo
679 1537 762 1571 loco
790 1537 922 1582 essetis,

250 1591 344 1635 qnid
370 1592 479 1627 aliud
498 1593 698 1635 faceretis.

191 1642 198 1651 ⁸
303 1661 356 1682 ιι.
398 1650 523 1683 omnia
562 1649 757 1694 experiri]
820 1647 924 1694 figni-

249 1703 335 1740 ficat
353 1704 447 1739 nihil
472 1706 768 1752 praetermittere,
797 1705 849 1739 nil
871 1707 923 1739 in-

253 1773 460 1808 expertum,
496 1762 591 1796 nihil
627 1762 845 1797 intentatum
872 1775 924 1796 re-

251 1816 440 1866 linquere,
477 1818 514 1852 in
549 1820 642 1853 Eun.
684 1820 749 1853 IV.
785 1831 817 1862 7.
869 1832 920 1864 ¹9·

251 1878 377 1911 omnia
394 1879 504 1921 prius
522 1877 708 1920 experiri,
735 1889 844 1925 quam
863 1890 923 1910 ar-

249 1934 338 1970 mis,
362 1935 571 1978 sapientem
599 1934 711 1968 decet.
740 1931 841 1967 Caes.
876 1933 921 1967 de

247 1990 290 2024 B.
311 1989 351 2023 C.
375 1991 418 2023 11.
444 1998 499 2030 31.
527 1992 652 2024 omnia
679 1991 784 2033 prius
812 2003 921 2034 expe-

247 2047 394 2082 rienda.
429 2045 509 2080 Cic.
541 2044 585 2079 ad
606 2045 712 2081 Attie.
730 2047 793 2080 111.

240 2103 376 2151 ser-ipsi
401 2106 439 2138 εἰ
475 2114 653 2147 expertus
676 2105 761 2148 firm
794 2104 920 2138 omnia

195 2179 197 2181 ·
247 2171 280 2194 v.
302 2159 404 2194 Cort.
425 2156 471 2191 ad
490 2157 632 2205 Sallust.
662 2158 771 2194 Catil.
800 2172 830 2193 c.
859 2160 917 2194 26.

246 2215 385 2251 Similis
421 2215 579 2250 formula
604 2219 729 2251 omnia
770 2217 915 2260 facere,

248 2283 358 2319 quam
380 2271 619 2318 explicuimus
637 2271 683 2306 ad
695 2272 809 2307 Rutil.
822 2275 915 2320 Lup.

178 2371 180 2373 ¹
246 2328 289 2364 L.
309 2329 338 2367 I.
356 2341 392 2375 p·
410 2333 467 2370 54-

298 2392 350 2426 13.
380 2385 488 2420 credo
517 2386 746 2431 impetrabo]
796 2383 916 2425 credo,

247 2451 357 2488 puto,
399 2441 498 2488 spero
531 2442 635 2489 saepe
663 2453 759 2477 extra
784 2456 916 2478 nexum

246 2498 419 2534 orationis
439 2509 623 2546 ponuntur
645 2500 680 2533 in
705 2500 795 2534 Eun.
816 2500 860 2536 V.
884 2512 916 2534 2.

247 2563 303 2598 23.
330 2556 480 2592 debeam
498 2558 606 2593 credo
622 2558 701 2604 visti
724 2560 917 2606 quicquam

235 2615 451 2660 furcifero,
477 2613 614 2648 iutAd.
635 2615 663 2648 1.
696 2626 724 2647 1.
749 2622 805 2657 55.
834 2627 915 2649 cre-

248 2671 295 2706 do
314 2673 388 2706 iam
401 2681 441 2706 ut
450 2673 548 2717 Jblec
558 2672 736 2719 iurgabit.
756 2683 786 2706 v.
799 2671 914 2707 Drak.

247 2725 295 2761 ad
312 2726 389 2763 Liv.
408 2728 473 2764 IV.
498 2740 552 2774 ¹7·

1045 1476 1187 1519 prodat
1224 1475 1326 1521 dies]
1384 1477 1542 1522 prodere
1575 1478 1672 1515 diem

1003 1531 1052 1567 est
1089 1531 1268 1581 proferre,
1300 1524 1503 1578 longior-eru
1528 1532 1671 1575 ducere.

1001 1589 1189 1636 prolatare.
1203 1599 1242 1624 ut
1254 1588 1356 1624 docte
1367 1590 1523 1638 explicat
1531 1591 1672 1630 Donat.

1000 1646 1078 1680 Liv.
1099 1646 1214 1680 XXV.
1240 1654 1291 1688 13.
1318 1648 1400 1683 alia
1416 1649 1571 1692 prodita
1589 1651 1670 1686 dies

1001 1704 1053 1738 ad
1069 1704 1303 1747 frumentum
1322 1707 1462 1740 maior-e
1480 1717 1670 1749 appar-acta

998 1760 1205 1802 petendum.
1226 1772 1257 1792 v.
1271 1760 1409 1795 Festum
1433 1773 1523 1795 voce
1540 1763 1669 1806 prodi-

1000 1807 1088 1861 disse
1124 1825 1159 1850 et
1195 1814 1246 1849 ibi
1287 1828 1458 1862 magnum
1498 1817 1668 1865 Scaliger.

998 1872 1086 1907 item
1103 1874 1233 1907 Joann.
1255 1873 1401 1908 Bivium
1421 1872 1468 1908 ad
1493 1873 1531 1908 h.
1553 1874 1578 1909 l.

1046 1934 1099 1973 14.
1132 1931 1277 1966 interea
1293 1931 1368 1975 fiet
1393 1931 1560 1978 aliquid]
1597 1931 1667 1968 hac

996 1985 1154 2021 formula
1196 1997 1346 2022 utuntur
1388 1986 1594 2023 laborantes
1630 2000 1667 2026 et

997 2054 1161 2090 optatum
1183 2042 1345 2079 difficilis
1365 2044 1416 2079 rei
1437 2044 1572 2080 exitum
1590 2045 1667 2094 [pe-

994 2105 1125 2135 rantes.
1148 2100 1264 2135 Fiant,
1283 2100 1321 2135 in
1341 2102 1491 2152 TfEcul·
1503 2103 1548 2137 11.
1561 2108 1595 2147 4.
1614 2112 1666 2147 15.

994 2171 1100 2193 mane
1117 2159 1357 2206 aliquidfiet.
1381 2157 1474 2192 infra
1492 2159 1537 2194 11.
1559 2167 1591 2202 3.
1606 2169 1663 2205 24.

991 2216 1136 2250 interea
1155 2216 1305 2264 aliquid
1322 2217 1502 2252 acciderit
1518 2218 1616 2253 boni.
1657 2235 1662 2241 =

1038 2272 1082 2306 id
1099 2272 1246 2320 aliquid
1270 2272 1367 2308 nihil
1398 2274 1474 2321 efi]
1496 2301 1501 2304 -
1523 2275 1665 2323 aliquid

995 2326 1212 2375 capiendum
1245 2328 1296 2364 est
1324 2329 1362 2364 in
1382 2330 1588 2378 hyprocrifi,
1620 2343 1662 2368 ut

994 2385 1218 2429 grammatici
1230 2385 1439 2433 loquuntur.
1461 2386 1554 2423 iufra
1569 2390 1614 2424 11.
1627 2401 1661 2427 2.

997 2449 1049 2482 13.
1097 2440 1213 2475 Plaut.
1246 2441 1284 2474 in
1303 2442 1483 2490 Amphitr.
1502 2446 1534 2480 1.
1551 2453 1583 2488 3.
1602 2453 1658 2488 3².

992 2499 1035 2533 id
1051 2510 1219 2534 actutum
1235 2499 1301 2534 diu
1325 2502 1386 2545 esc.
1417 2499 1526 2535 Ovid.
1555 2500 1656 2548 epist.

991 2555 1124 2589 XVIII.
1162 2565 1236 2598 180.
1270 2558 1447 2592 lacrimas
1474 2556 1543 2593 Ιιοο
1570 2558 1660 2594 mihi

989 2625 1105 2655 paene
1133 2624 1268 2648 movet.

1040 2677 1093 2711 ¹5·
1128 2670 1250 2704 adeon
1294 2669 1347 2704 ad
1383 2670 1487 2714 eum]
1552 2667 1656 2718 saepo

988 2726 1217 2774 praepontio,
1232 2741 1313 2763 cum
1326 2738 1395 2775 qua
1408 2724 1553 2762 verbum
1566 2740 1661 2763 con-
