1812 3100
226 163 237 187 Ι

1527 0 1681 22 ww
1711 0 1713 2 ·

363 144 461 196 536
644 126 1471 220 HEAnToNTimoRUMEmos.
1525 110 1527 114 ¹
1654 154 1663 166 ·

298 290 347 330 15
367 278 487 329 lube
509 276 721 330 maneat.
741 271 750 328 J
789 279 997 329 BA.Abi.
1021 285 1079 341 75)
1111 281 1201 331 SY.
1217 272 1356 348 ¹Quin
1380 283 1448 334 eft
1458 276 1692 352 paidiu'm
1711 282 1772 347 ⁷⁶)
1804 282 1807 283 ⁷

719 361 992 413 argentum.
1026 352 1119 398 BA.
1142 351 1279 417 Quin
1305 368 1396 416 ego
1417 351 1498 401 hic
1518 351 1558 410 *)
1578 361 1771 402 maneo.

361 416 451 466 SY.
483 416 641 484 Atqui
673 416 772 464 iarn
802 415 1010 464 dabitur.
1080 421 1173 465 BA.
1205 422 1271 466 Ut
1301 417 1454 468 lubet.
1513 422 1658 471 Num
1681 417 1771 482 76²)

722 501 815 548 ego
836 485 994 532 insto?
1060 483 1145 534 SY.
1180 486 1245 534 At
1262 486 1358 535 scin
1383 485 1506 554 quid
1527 487 1703 537 sodes?

355 551 452 603 BA.
490 549 662 618 Quid?
729 550 821 598 SY.
855 551 1251 602 Transeundum
1285 552 1374 602 tibi
1403 554 1472 604 eft
1508 555 1573 605 ad
1599 559 1767 605 Mene-

716 617 912 667 demum
938 632 987 666 et
1009 632 1095 668 tua
1115 638 1301 686 pompa
1320 625 1381 680 77)

356 690 428 737 Eo
453 685 828 737 transducenda
848 685 885 744 *)
916 686 995 734 est.
1048 691 1142 735 BA.
1176 690 1338 753 Quam
1361 705 1462 737 rem
1484 691 1624 756 agis?
1657 690 1769 740 Sce-

713 753 808 802 lus.
831 758 890 812 78)
940 752 1030 802 SY.
1070 758 1239 818 Egon?
1285 769 1543 822 argentum
1567 759 1700 808 cudo

355 820 508 888 Quod
529 820 620 871 tibi
643 819 766 869 dem.
836 825 933 869 BA.
954 825 1014 880 79)
1050 822 1262 886 Dignam
1294 827 1373 871 nie
1402 832 1576 889 putas,
1612 823 1767 892 qnam

713 887 931 937 illudas?
953 893 1013 945 8⁰>
1072 889 1162 937 SY.
1196 892 1314 938 Non
1337 891 1406 938 est
1427 904 1619 940 temere.
1640 898 1701 953 8¹)

286 980 339 1008 20
353 962 450 1007 BA.
484 958 710 1006 Etiamne
741 969 906 1005 tecum
931 955 1010 1006 hic
1033 975 1113 1006 res
1139 958 1258 1004 mihi
1282 957 1379 1006 est?
1424 959 1515 1010 SY.
1536 961 1783 1021 Minime3-

713 1037 861 1072 tuum
893 1023 982 1072 tibi
1012 1025 1182 1074 reddo.
1204 1030 1265 1086 8²)

352 1085 450 1142 BA.
472 1095 640 1142 Eatur.
660 1096 720 1153 83)
732 1094 959 1158 ‘Sequere
980 1092 1085 1142 hac.
1125 1096 1264 1142 Heus
1288 1096 1493 1144 Dr'omo.
1517 1092 1581 1154 84)
1613 1097 1767 1146 DRO-

712 1161 827 1206 ΜΟ.
863 1160 988 1225 Quis
1013 1179 1089 1208 me
1113 1160 1254 1210 vult?
1317 1165 1405 1212 SY.
1438 1166 1607 1228 Syrus.
1661 1165 1765 1212 DR.

712 1226 845 1292 Quid
878 1229 945 1275 el't
965 1229 1067 1275 rei?

352 1298 444 1346 SY.
478 1294 697 1346 Ancillas
726 1312 898 1344 ornnes
921 1294 1185 1345 Bacchidis
1217 1294 1424 1346 traduce
1455 1295 1557 1346 huc
1587 1295 1651 1346 ad
1672 1315 1764 1347 vos

561 1403 567 1408 .
745 1380 934 1427 ropere.

350 1431 456 1480 DR.
485 1382 860 1499 Quamobliem?
927 1430 1017 1478 SY.
1057 1432 1135 1478 Ne
1165 1447 1394 1496 quaeras.
1461 1434 1522 1480 Et
1543 1431 1703 1480 ferant
1724 1433 1765 1493 *)

712 1514 844 1565 quae
866 1499 1026 1547 secum
1052 1496 1152 1546 huc
1173 1497 1463 1546 attulerunt.

352 1566 584 1634 Sperabit
614 1567 758 1615 senex
798 1567 862 1626 85)
910 1567 1158 1633 sumptum
1189 1564 1253 1628 8⁶)
1302 1564 1389 1613 fibi
1418 1564 1639 1615 levatum
1664 1567 1766 1629 esse

708 1634 901 1683 harunc
924 1636 987 1693 87)
1022 1633 1177 1681 abitu,
1699 1677 1701 1679 ,

281 1713 335 1754 25
348 1705 428 1754 Ne
453 1701 534 1752 ille
561 1700 698 1751 haud
721 1704 784 1761 88)
815 1702 908 1750 scit
931 1701 1026 1750 hoc
1057 1697 1318 1766 paululum
1352 1698 1481 1753 lucis
1506 1703 1569 1763 89)
1610 1719 1766 1768 quan-

709 1782 817 1818 tum
843 1770 889 1816 ei
921 1768 1124 1835 dampni
1143 1769 1206 1826 90)
1242 1780 1489 1834 apportet.
1562 1807 1566 1810 .

408 1932 473 1979 75)
497 1943 518 1964 o
539 1929 692 1975 Phrigya
749 1929 813 1974 76)
838 1928 936 1976 quod
964 1927 1031 1963 tibi
1059 1925 1203 1975 premiss
1269 1926 1308 1971 ²¹²)
1331 1927 1421 1964 edic.
1449 1928 1570 1962 omitt.
1588 1926 1651 1962 bic
1674 1944 1764 1975 pro-

454 1989 565 2023 hante
588 1989 709 2022 Bencl.
758 1988 801 2032 76
814 1990 848 2027 a)
886 1984 1035 2019 Exactio
1058 1996 1076 2016 a
1097 1996 1154 2017 me
1175 1982 1241 2018 tibi
1263 1982 1302 2017 fit
1321 1983 1421 2016 nulla
1468 1987 1526 2028 77)
1552 1994 1634 2018 tuae
1653 1987 1764 2021 ancil-

457 2044 514 2078 lae
583 2044 620 2089 *)
645 2045 735 2079 edit.
779 2042 1001 2078 traducenda
1044 2042 1226 2085 probante
1268 2040 1389 2076 Bentl.
1458 2039 1523 2085 78)
1547 2041 1761 2080 exclamatio

452 2100 517 2147 79)
546 2100 731 2136 irascendo
758 2104 761 2107 ’
795 2100 861 2145 80)
889 2098 965 2139 ve13
1029 2101 1089 2140 81)
1123 2095 1221 2145 quod
1252 2095 1320 2130 tibi
1342 2095 1425 2130 dico
1484 2099 1549 2142 82)
1576 2110 1762 2143 argentum.

454 2162 513 2200 82)
539 2157 673 2194 scilicet
693 2171 712 2192 a
733 2170 790 2191 me
808 2157 845 2190 in
869 2154 1017 2189 domurn
1040 2152 1250 2188 Menedemi
1297 2157 1355 2195 84)
1384 2165 1405 2186 o
1425 2152 1564 2188 Dromo
1611 2156 1644 2197 *)
1669 2160 1760 2195 edit,

454 2212 626 2255 efferant,
652 2216 833 2262 probante
851 2213 970 2248 Benel.
1027 2211 1091 2256 85)
1115 2209 1232 2245 noster
1253 2209 1427 2244 Chremes
1482 2210 1547 2255 86)
1572 2212 1762 2255 expensam

453 2272 519 2318 87)
552 2286 616 2319 pro
648 2272 775 2307 harum
847 2274 906 2312 88)
932 2281 977 2302 ne
1008 2267 1122 2302 haud.
1153 2279 1218 2314 pro
1247 2276 1473 2312 nequaquam
1504 2264 1566 2301 hic
1594 2269 1760 2316 pofitum.

452 2332 618 2376 Nescivit
636 2331 820 2376 glossator
844 2341 890 2363 ne
907 2327 1026 2374 sbribi
1057 2340 1126 2372 pro
1156 2336 1245 2365 nae,
1279 2334 1321 2359 ut
1350 2322 1458 2359 habet
1482 2324 1573 2360 edit.
1618 2331 1678 2374 89)
1705 2327 1762 2364 vel

450 2386 542 2421 lucri
560 2387 623 2432 fic
648 2380 740 2423 edi'e.

345 2556 473 2594 teneri.
488 2554 707 2591 Livxxlv.
727 2559 779 2597 45-
797 2564 903 2589 nocte
919 2554 1020 2587 clau·
1099 2564 1130 2586 ι.
1155 2562 1188 2585 2.
1210 2562 1296 2584 mox
1322 2560 1355 2583 v.
1376 2550 1440 2583 22.'
1459 2558 1634 2595 pompam
1658 2557 1765 2588 vocat·

335 2619 421 2662 sum
432 2614 682 2661 aſj'ervabant3
702 2610 740 2644 iu
749 2609 847 2644 Andr
864 2610 908 2643 V.
920 2620 951 2644 2.
964 2616 1018 2651 24.
1096 2610 1258 2643 ancillas
1276 2609 1411 2641 omnes.
1792 2606 1796 2611 '

399 2683 451 2709 ¹7-
485 2670 646 2715 pompa]
711 2667 735 2700 i.
764 2679 795 2700 e.
826 2665 1019 2699 comitatus
1147 2672 1198 2702 18.
1240 2661 1495 2705 traducenda]
1555 2662 1685 2698 ducere
1726 2671 1765 2698 et

299 2743 302 2747 ·
345 2726 573 2762 ancillarum.
602 2724 718 2761 Plaut.
748 2724 787 2762 ia
813 2720 963 2759 Curcul.
988 2721 1019 2756 1.
1095 2721 1293 2756 traducere
1321 2718 1464 2766 proprie
1491 2718 1537 2754 de
1554 2729 1691 2766 pompa
1709 2716 1765 2753 di·
