1812 3100
332 104 429 201 3‘48
628 140 1454 193 HEAuToNTmoRuMENos.

261 285 309 324 15
325 278 480 324 MEN.
506 278 705 323 Gnatus
719 271 780 331 46)
818 293 849 341 q
855 273 956 323 uod
978 273 1022 323 se
1042 273 1283 325 assimulat
1303 275 1492 327 laetum
1511 274 1564 325 id
1581 274 1746 326 dicis?

684 343 779 390 CH.
807 342 871 390 Id.
937 341 1096 393 ΜΕΝ.
1126 342 1297 392 Itidem
1318 345 1358 403 ³⁸)
1390 344 1514 394 istuc
1542 343 1664 392 mihi

327 409 509 457 Venit
498 428 550 457 in
571 423 811 463 mentem.
864 413 961 459 CH.
995 413 1268 460 Veterator.
1290 414 1352 474 47)
1401 413 1558 462 MEN.
1578 414 1744 479 Magis

683 476 718 525 fi
741 479 897 542 magis
927 479 1063 528 noris
1092 492 1244 544 putas
1265 477 1308 539 *)

327 551 399 592 Ita
420 562 522 593 rem
547 545 650 594 esse.
671 549 732 603 48)
799 546 893 593 CH.
919 547 1016 593 Ain
1052 546 1143 593 tu?
1205 549 1363 596 MEN.
1411 547 1544 613 Quin
1572 558 1630 596 tu
1659 553 1746 595 'au-

686 611 852 664 sculta
911 617 1010 662 CH.
1045 616 1208 663 Mane.
1237 618 1301 675 49)
1326 613 1440 664 hoc
1468 615 1682 682 primum
1703 611 1745 675 *)

682 682 803 730 Ῑείιε
825 694 1018 746 expeto,

328 749 462 817 Quid
481 748 870 864 perdiderisfilN
878 767 955 797 am
980 748 1068 797 ubi
1094 747 1434 814 desponsatam
1455 748 1517 812 *Ἴ
1545 751 1742 801 nuntia·

613 852 615 854 -
685 817 741 864 sti
823 834 886 873 10,

329 886 582 935 Continuo
605 883 817 933 iniecisse
838 882 991 933 verba
1010 888 1072 943 5⁰)
1104 882 1196 933 tibi
1214 887 1544 944 Dromonem,
1557 883 1742 935 scilicet

258 977 309 1004 20
326 953 543 1021 Sponsae
563 953 767 1010 vestem,
802 969 1004 1009 aurum,
1040 951 1247 1001 ancillas
1270 969 1401 1017 opus
1422 952 1535 1011 esse,
1574 969 1741 1018 argen-

688 1033 794 1068 tum
824 1033 883 1068 ut
903 1019 1060 1068 dares.

325 1090 482 1138 MEN.
504 1091 635 1138 Non.
705 1090 803 1134 CH
840 1086 974 1151 Quid
999 1090 1134 1136 non?
1201 1089 1357 1136 MEN.
1382 1086 1533 1136 Non
1519 1103 1739 1155 mquam.
1780 1089 1784 1093 ’

682 1156 777 1202 CH.
810 1158 993 1221 Neque
1015 1157 1112 1221 ipse
1130 1157 1346 1222 gnatus?
1366 1153 1431 1218 5¹)
1487 1159 1594 1205 ME.
1617 1154 1741 1203 nihil

685 1223 886 1288 prorsus
907 1221 1124 1272 Chreme.

328 1293 493 1359 Magis
514 1308 673 1341 unum
693 1291 843 1339 etiam
865 1291 1054 1352 instare,
1074 1296 1136 1352 5²)
1172 1306 1229 1339 ut
1257 1289 1407 1342 hodie
1437 1288 1738 1379 conficeren-

684 1371 769 1407 tur
789 1360 1006 1424 nuptiae.

326 1432 423 1477 CH.
459 1429 592 1476 Mira
614 1443 802 1474 narras.
837 1426 958 1493 qui‘d
980 1430 1073 1492 Sy1
1077 1446 1136 1476 us
1160 1429 1333 1476 meus?
1367 1427 1478 1475 Ne
1464 1443 1507 1476 ιε
1534 1424 1739 1494 quidem

683 1495 994 1561 quicquam?
1059 1498 1215 1544 MEN.
1254 1493 1388 1542 nihil.

327 1565 425 1612 CH
462 1560 836 1640 Quamobrem?
899 1565 1055 1614 MEN
1089 1563 1269 1612 Nescio
1292 1560 1537 1628 equidem.
1571 1559 1668 1611 Sed
1687 1574 1737 1610 te

682 1630 850 1688 miror,
869 1628 907 1690 Ἴ
939 1632 1004 1692 53)
1025 1632 1116 1696 qui
1145 1629 1242 1679 alia
1263 1643 1364 1678 tam
1390 1628 1540 1696 plane
1558 1630 1693 1679 scias.

251 1711 306 1752 25
320 1698 418 1749 Sed
439 1699 520 1749 ille
545 1715 753 1813 quoqfilile
774 1710 898 1747 tuus
921 1699 960 1758 *)
995 1701 1088 1763 Syx
1091 1715 1177 1756 us
1209 1697 1340 1747 idem
1358 1699 1480 1745 mire
1511 1693 1657 1746 finxit
1675 1699 1735 1758 54)

734 1782 852 1824 lum,

380 1902 446 1947 46)
472 1913 515 1934 eo
537 1898 636 1946 quod
681 1898 716 1945 )
741 1900 832 1934 edic.
852 1897 951 1934 idem
998 1897 1062 1943 47)
1091 1897 1264 1946 impostor
1284 1898 1333 1934 est
1352 1898 1456 1945 Syrus
1503 1900 1538 1946 ⁹)
1560 1901 1649 1937 edic.
1671 1914 1736 1948 pu-

427 1968 479 1992 tes
527 1958 592 2002 48)
620 1955 851 2002 impostorem
883 1954 986 1988 illum
1017 1953 1086 1988 esse
1140 1957 1206 2001 49)
1238 1967 1387 2003 expecta
1448 1957 1487 2002 ¹')
1519 1958 1609 1993 edic.
1636 1959 1734 2005 prius

424 2015 475 2060 ⁸⁸)
500 2015 590 2050 edit.
614 2011 827 2059 d'elponsam
882 2013 946 2057 50)
973 2010 1109 2047 scilicet
1126 2011 1198 2047 scio
1253 2013 1319 2060 51)
1343 2012 1449 2061 petiit
1470 2013 1534 2049 ista
1593 2019 1653 2058 52)
1682 2016 1736 2050 in·

424 2071 540 2107 stabat
609 2069 642 2110 ²³)
677 2070 768 2105 edic.
804 2066 944 2107 nescio.
982 2067 1156 2116 equidem
1186 2069 1297 2106 miror
1368 2074 1427 2114 53)
1473 2070 1547 2106 hoc
1573 2071 1735 2117 ignorare

425 2130 461 2176 ⁴)
480 2130 570 2165 edit.
586 2137 690 2162 tuum
736 2125 802 2170 54)
821 2123 961 2159 docuit.

323 2269 454 2308 efficit,
493 2279 533 2303 ut
561 2267 687 2302 Clinia
720 2267 858 2302 vultum
889 2267 991 2302 suum
1118 2278 1168 2312 ¹9.
1197 2269 1358 2314 iniec-iffi
1383 2269 1526 2314 verba]
1583 2269 1606 2306 i.
1627 2282 1657 2307 e.
1682 2269 1736 2304 di-

323 2336 540 2373 componat‚
568 2324 772 2359 fimulando
792 2323 992 2371 quemlibet
1066 2322 1175 2363 xisse,
1220 2324 1442 2359 mentionem
1461 2324 1593 2360 feciss'e.
1643 2324 1735 2361 lnii-

321 2384 509 2421 habitum.
547 2393 587 2417 ut
612 2383 748 2416 laetum
777 2381 833 2415 vel·
857 2380 991 2416 tristem
1068 2394 1146 2416 cere
1157 2379 1364 2428 [impliciter
1380 2381 1428 2416 fic
1446 2380 1496 2417 est
1507 2380 1602 2429 apud
1616 2382 1733 2419 Cicer.

321 2438 356 2475 se
376 2440 540 2474 [imulare
570 2438 705 2485 poffet.
735 2449 775 2472 ut
795 2451 847 2472 res
874 2437 992 2485 postu·
1069 2437 1114 2470 ad
1141 2437 1248 2472 Attic.
1274 2438 1371 2472 XVI.
1400 2447 1433 2481 5.
1513 2441 1624 2476 Bruto
1653 2452 1734 2475 cum

321 2497 385 2532 lat.
450 2499 504 2531 Ita
540 2497 638 2530 hunc
672 2496 795 2530 locum
836 2495 992 2541 explicat
1058 2499 1170 2542 saepe
1213 2499 1410 2543 inieeiffi'ym
1448 2498 1493 2533 de
1546 2496 1734 2540 ομοπλοια

321 2555 375 2589 Io.
406 2554 542 2588 Rivius.
568 2551 668 2590 Caes.
693 2553 737 2586 de
755 2554 797 2586 B.
820 2553 866 2587 G.
887 2554 912 2587 Ι.
934 2560 989 2596 39.
1068 2563 1132 2595 pro
1146 2552 1301 2596 Quintio
1321 2564 1352 2585 c.
1375 2564 1431 2585 21.
1454 2553 1558 2597 quod'
1576 2554 1734 2587 Horten-

320 2611 362 2646 ἠ’
388 2624 502 2657 neque
529 2612 675 2645 vultum
698 2612 850 2655 fingere
879 2622 990 2656 neque
1058 2609 1159 2653 sium
1172 2612 1260 2655 quia
1272 2610 1523 2653 nuper-iniecit
1539 2607 1563 2642 ἰ.
1583 2608 1731 2643 menius

320 2669 507 2704 interdum
532 2669 709 2703 lacrimas
739 2678 861 2702 tenere
883 2667 988 2711 poce·
1052 2665 1184 2699 ‹obiter
1202 2665 1424 2699 mentionem
1445 2664 1541 2700 fecit.

319 2736 422 2761 rane.
1111 2729 1166 2763 25·
1191 2722 1319 2767 finxit
1336 2722 1491 2767 filium]
1547 2721 1571 2757 i.
1604 2733 1635 2756 ο.
1662 2718 1732 2755 lor—
