1812 3100
330 191 437 243 260'
828 174 1266 240 EUNU'CH'US.

323 326 484 376 Thais
518 304 576 374 l'e
618 325 759 441 pal-id
787 323 1202 376 commendavit
1187 343 1242 374 m
1278 323 1573 385 clientelam,
1601 307 1692 390 ὦ)
1699 315 1751 377 e't
1787 323 1791 327 ’

763 411 857 442 ern.

256 486 306 512 10
322 461 487 512 Nobis
512 458 651 510 dedit
670 460 726 509 se.
792 446 927 509 PAR
963 459 1150 507 Fratris
1177 459 1329 525 igitur
1348 458 1508 510 Thais
1530 462 1595 522 7⁷⁰)
1640 450 1758 511 tota⁷

690 515 794 576 est‘}
854 531 952 575 CH.
985 526 1193 577 Scilicet.

328 599 463 691 PAR.
498 601 601 645 Iam
636 594 736 644 hoc
765 594 908 644 aliud
943 596 1031 652 est,
1074 593 1216 662 quod
1246 593 1567 660 gaudeamus.
1600 594 1748 645 Miles

687 661 905 729 pelletur
925 665 963 719 *)
1000 663 1159 710 foras.
1174 667 1262 722 7⁰³)

323 728 417 782 CH.
450 734 589 781 Tum
611 734 674 794 **)
709 744 779 787 tu,
800 735 859 790 7¹)
891 730 1043 778 frater
1065 733 1124 789 72)
1146 726 1232 777 ubi
1254 728 1342 778 ubi
1372 731 1451 787 est,
1486 730 1563 779 sac
1596 748 1751 798 quam

683 800 902 864 primum
928 797 1055 846 haec
1078 797 1264 846 audiat.
1329 800 1461 847 PAR.
1485 799 1645 848 Visam
1667 799 1751 848 do-

685 884 836 914 mum.
867 870 909 907 73
1795 872 1797 876 ’

329 935 437 986 TH.
470 938 608 986 Num
627 933 751 1002 quid
767 867 971 982 Gnatl>10
992 930 1205 990 dubitas,
1226 933 1350 1000 quin
1373 950 1465 1000 ego
1488 950 1625 983 nunc
1619 950 1752 1010 1)er

689 1015 847 1069 petuo
883 1000 1148 1067 perierim?

331 1074 439 1122 GN.
475 1072 592 1121 Sine
617 1069 773 1120 dubio
797 1070 990 1136 opinor.
1067 1067 1163 1115 CH.
1207 1066 1338 1133 Quid
1367 1085 1753 1133 commemorem

689 1138 909 1204 primum
934 1145 1023 1185 aut
1051 1132 1253 1183 laudem
1286 1139 1550 1184 maxume?

264 1205 472 1258 15111um
495 1208 557 1268 74)
591 1207 681 1273 qui
702 1204 825 1254 mihi
845 1203 982 1253 dedit
1014 1201 1272 1252 confilium
1293 1218 1352 1252 ut
1379 1203 1625 1254 facerem?
1675 1200 1753 1250 An

691 1291 770 1321 me
791 1273 881 1340 qui
902 1273 1050 1320 ausus
1075 1267 1159 1318 fim

333 1343 622 1409 Incipere?
640 1359 706 1390 an
735 1341 992 1390 fortunam
1023 1337 1325 1397 collaudem,
1362 1329 1495 1406 quae
1511 1337 1754 1405 guberna-

692 1409 792 1457 trix
825 1408 932 1465 suit,

336 1481 481 1545 Quae
503 1490 581 1526 tot
599 1494 678 1525 res
702 1488 894 1533 tantas,
927 1487 1029 1523 tam
1050 1485 1304 1540 oportune
1324 1474 1377 1523 in
1407 1491 1567 1523 unum
1597 1471 1752 1542 inclu-

695 1542 752 1592 fit
780 1542 946 1592 diem?

342 1618 422 1662 An
442 1612 540 1661 mei
562 1612 721 1679 patris
744 1611 1054 1660 festivitatem
1074 1613 1133 1671 75)
1168 1622 1218 1658 et
1237 1607 1561 1659 facilitatem?
1580 1605 1641 1669 76)
1708 1610 1752 1656 O

695 1679 931 1745 Iuppiter,

399 1813 467 1859 69)
493 1811 657 1847 tutelam.
680 1810 891 1846 amicitiam.
938 1810 1005 1855 70)
1031 1808 1146 1849 amica
1163 1819 1244 1843 mea
1270 1805 1308 1853 ⁴)
1329 1803 1420 1843 effi.
1449 1807 1597 1854 pellitur
1614 1811 1752 1855 impro-

439 1864 679 1905 bance'Benct.
725 1880 768 1913 70
779 1867 819 1912 a)
839 1865 1016 1901 aThaide
1060 1866 1112 1912 u)
1129 1866 1217 1901 edit.
1235 1878 1305 1900 om.
1326 1868 1403 1898 tlnn
1450 1869 1509 1908 7¹)
1533 1878 1555 1899 o
1576 1865 1752 1899 Parmeno

441 1926 506 1971 72)
532 1925 710 1960 Phaedria
741 1928 799 1970 73)
818 1923 845 1958 fi
864 1923 955 1958 forte
971 1922 1012 1957 fit
1032 1921 1083 1956 ibi
1114 1923 1189 1967 ’74)
1207 1923 1467 1956 Parmenonem
1495 1924 1553 1966 75)
1578 1919 1753 1956 laetitiam

443 1992 479 2017 et
498 1982 721 2017 hilaritatem
754 1983 812 2027 76)
840 1980 1150 2029 propitiationem.

339 2107 488 2144 Phorm.
505 2107 570 2142 IV.
587 2110 621 2144 Δ.
638 2117 672 2152 9.
689 2103 804 2150 [abest
822 2115 936 2141 totum
957 2105 1012 2142 in·
1085 2102 1149 2149 soli
1170 2100 1268 2137 fratri
1287 2099 1411 2135 dedita
1431 2100 1489 2136 est.
1508 2101 1584 2137 Liv.
1602 2101 1753 2136 XXXV.

337 2163 448 2198 eifum
479 2163 518 2198 in
531 2161 649 2197 «editt.
669 2162 873 2207 nonnullis]
895 2165 960 2207 qui
974 2174 1010 2198 ee
1085 2167 1141 2202 33.
1159 2159 1364 2194 multitudo
1377 2156 1551 2194 Antiochi
1561 2168 1643 2193 toea·
1658 2165 1752 2193 'er-ae.

336 2223 389 2256 ad
409 2221 604 2268 scopulum
628 2234 648 2256 e
679 2220 887 2269 tranquillo
915 2220 1009 2263 infe·
1083 2230 1116 2252 v.
1145 2215 1330 2250 Drakenb.
1369 2214 1414 2249 ad
1447 2215 1523 2250 Liv.
1549 2214 1664 2249 XXV.
1700 2215 1752 2248 16.

335 2290 401 2313 rae
432 2290 463 2311 v.
485 2277 670 2323 interpret.
703 2274 749 2309 ad
769 2276 847 2310 Liv.
867 2276 928 2310 111.
954 2281 1007 2320 ¹4·
1082 2273 1144 2308 Sic
1178 2274 1287 2307 etiam
1325 2271 1458 2306 dicitur
1481 2272 1548 2317 effi
1579 2271 1751 2305 alicuius.

336 2334 509 2369 xxvlu.
525 2345 581 2377 27.
1081 2331 1159 2366 Liv.
1172 2332 1233 2365 VI.
1256 2336 1312 2374 44.
1327 2329 1433 2374 plebs
1449 2341 1530 2363 cum
1548 2329 1752 2363 immunius
1768 2336 1774 2343 ·

383 2402 418 2436 9.
457 2393 497 2427 in
535 2389 749 2425 clientelam
787 2398 824 2422 et
859 2386 1002 2431 fidem]
1079 2387 1240 2423 hominis
1268 2387 1368 2434 esset.
1407 2398 1440 2420 v.
1467 2384 1676 2429 interpretes
1704 2381 1751 2416 ad

336 2459 405 2482 nos
428 2446 599 2492 patronos
621 2443 735 2490 cepit,
765 2442 853 2482 five.
886 2453 925 2477 ut
945 2446 1006 2479 At·
1082 2445 1146 2479 111.
1173 2452 1229 2486 33.

338 2500 402 2536 tici
425 2498 614 2539 dicebant,
639 2494 882 2550 προστάτας,
912 2512 1003 2546 quos
1130 2509 1182 2542 ¹8.
1206 2497 1480 2545 festivitatem]
1536 2496 1560 2532 i.
1583 2508 1614 2530 e.
1642 2495 1752 2529 comi-

337 2565 464 2588 omnes
501 2553 679 2599 peregrini
713 2553 863 2589 Athenis
894 2553 1005 2589 habe·
1081 2567 1190 2593 tatem
1219 2556 1256 2590 in
1287 2554 1353 2589 Ad.
1373 2556 1418 2590 V.
1447 2566 1482 2600 9.
1513 2565 1567 2598 29.
1591 2553 1691 2601 quod
1714 2564 1749 2588 te

335 2608 437 2645 bant.
473 2608 590 2649 Fides,
611 2609 781 2644 clientela
807 2609 909 2658 saepe
929 2622 1007 2646 tan·
1080 2616 1146 2658 ifii
1162 2615 1323 2659 facilem
1348 2624 1384 2648 ec
1401 2613 1586 2656 festivum
1611 2620 1750 2654 patant

337 2678 446 2713 quarn
484 2665 677 2713 synonyma
724 2667 1003 2713 coniunguntur.
1081 2671 1106 2704 i.
1129 2684 1159 2704 e.
1184 2670 1344 2707 lumem,
1382 2680 1534 2704 comem.
1554 2679 1586 2700 v.
1605 2666 1749 2707 Manut-

335 2722 419 2758 Οἱς.
439 2735 504 2770 pro
528 2723 662 2758 Roscio
683 2724 815 2759 Ameri.
833 2737 862 2758 c.
877 2733 932 2767 53.
1082 2727 1129 2762 ad
1149 2727 1228 2762 Cic.
1254 2725 1299 2760 ad
1316 2725 1399 2763 Div,
1427 2725 1488 2761 VI.
1507 2729 1542 2767 4.

385 2792 438 2814 ιο.
454 2783 601 2826 fratris
617 2779 728 2816 Thais
743 2783 826 2817 cota
844 2782 909 2829 ast]
935 2782 957 2816 i.
972 2795 1003 2817 e.
