1812 3100
425 107 485 163 ’ἢ
550 110 694 156 Aer.
739 110 789 157 11.
872 107 1050 157 Sem-t.
1090 104 1179 157 ΙΠ..
1472 109 1570 174 295

147 243 414 315 nglecta,
433 246 498 306 97)
549 241 794 292 inmunda
825 241 1010 292 illuvie.
1040 249 1102 307 98)
1173 241 1334 292 CLIT.
1364 243 1421 293 Si.
1443 242 1585 295 haec

56 355 61 357 s
222 313 238 317 '⁷
379 307 385 315 '¹
503 311 615 360 sunt
637 310 796 359 Clinia
823 315 886 370 99)

0 387 23 442 ἶ
75 384 277 439 &Vm
309 381 381 430 ita
415 393 475 430 ut
498 381 683 437 credo,
727 380 845 446 quis
880 392 929 427 te
958 379 1027 427 est
1059 377 1397 428 Fortunatior?

14 447 18 462 ‘
142 435 260 518 Scin
277 461 357 508 tu,
381 451 420 511 ¹⁸¹)
449 454 485 510 ¹)
502 447 648 564 ¹§lanc
670 465 826 515 qua-m
859 446 981 497 dicit
1009 446 1308 496 sordidatam
1341 461 1392 498 et
1419 446 1568 499 sordi-

48 556 57 571 ,
540 518 654 564 am'?

6 639 15 650 ἱ
42 572 74 676 ,ἑ
143 588 390 653 Magnum
413 583 512 634 hoc
534 601 742 652 quoque
772 580 960 649 signum
994 583 1085 642 est,
1116 581 1370 634 dominam
1395 587 1434 648 2)
1474 584 1568 636 esse

51 663 70 711 '1
266 671 269 673 ’
342 668 346 671 ’
502 666 645 705 extra
676 653 895 709 noxiam,
920 656 958 712 5)

138 724 263 771 Cum
277 734 377 771 tam
405 717 446 777 ⁴5
475 718 809 787 negleguntur
831 721 939 768 eius
960 720 1270 770 internuntii.
1296 724 1337 782 6)

58 790 60 794 '
139 792 271 840 Nam
306 782 561 857 disciplina
584 787 627 848 6)
657 788 726 837 est
752 786 948 836 hisdem
971 789 1011 845 *)
1038 790 1077 848 7)
1111 791 1422 840 munerarier
1445 793 1487 852 8)

0 858 356 919 {960Ancillas
392 860 637 935 primum,
701 855 767 905 ad
809 844 1042 906 dominas
1086 875 1219 924 quae
1261 858 1502 910 affectant
1523 861 1566 921 9)

409 963 411 965 .
497 943 643 977 viam.

132 997 285 1069 QLIN.
319 998 474 1061 Perge
502 996 562 1054 ¹⁰)
597 992 802 1042 obsecro
833 1005 908 1051 te,
944 1005 996 1041 et
1025 1009 1148 1042 cave
1170 1010 1233 1042 ne
1261 992 1430 1043 salsam
1460 1013 1566 1062 gra-

497 1076 619 1111 tlam

133 1130 350 1183 Studeas
383 1131 521 1180 inire.
546 1138 601 1191 ¹¹)
639 1128 771 1195 Quid
802 1129 886 1188 ait,
911 1135 966 1191 ¹²)
1004 1127 1095 1179 ubi
1116 1147 1195 1179 me
1227 1130 1498 1181 nominas?

22 1223 26 1225 “
79 1238 82 1241 -
131 1203 219 1251 SY.
250 1200 349 1249 Ubi
371 1200 588 1249 dicimus
609 1197 781 1246 redisse
806 1210 875 1252 te,
912 1212 962 1247 et
984 1215 1189 1263 rogare,
1224 1198 1301 1248 uti

38 1327 41 1330 Α
134 1269 340 1318 Veniret
371 1267 436 1316 ad
465 1281 534 1325 te,
582 1265 766 1315 mulier
788 1264 938 1314 telam
963 1265 1138 1315 deserit

63 1345 118 1387 65
131 1339 407 1394 Continuo,
442 1352 493 1385 et
514 1335 734 1385 lacrimis
759 1332 936 1400 opplet
966 1353 1024 1383 os
1049 1347 1211 1384 totum
1239 1331 1352 1394 fibi,

133 1408 203 1454 Ut
227 1403 370 1453 facile
402 1405 547 1454 scires
585 1407 639 1463 ¹3)
684 1400 924 1451 defiderio
954 1401 1004 1450 id
1037 1401 1146 1450 fieri
1178 1416 1282 1451 tuo.

132 1475 288 1522 CL.N.
311 1470 435 1521 Prae
458 1471 645 1536 gaudio
666 1471 737 1518 ita
764 1488 841 1518 me
860 1472 923 1518 Di
948 1484 1128 1527 ament,
1164 1469 1253 1518 ubi
1275 1468 1357 1518 lim
1382 1473 1560 1523 nescio.

133 1544 208 1590 Ita
229 1540 388 1590 timui.
455 1544 611 1589 CLlT.
644 1545 710 1587 At
730 1556 821 1604 ego
847 1537 971 1587 nihil
1001 1540 1092 1587 esse
1119 1538 1333 1588 sciebam
1366 1544 1422 1604 ¹4)
1470 1540 1559 1590 Cli-

494 1626 591 1656 ma.

24 1695 27 1698 ·
132 1675 358 1741 Agedum
383 1675 587 1726 vicissim
611 1678 732 1741 Syre
753 1676 837 1726 dic
859 1669 1098 1744 qua‘oilla
1127 1678 1195 1726 est
1218 1675 1388 1726 altera.

38 1754 112 1809 '70
125 1747 214 1796 SY.
257 1744 572 1795 Adducimus
622 1758 762 1793 tuam
809 1744 1123 1794 Bacchidem.
1212 1749 1368 1794 CLlT.
1414 1748 1557 1795 Hem.

486 1811 642 1880 quid?
699 1812 1034 1862 Bacchidem?
1632 1825 1636 1829 ·

125 1878 233 1930 Eho
256 1878 447 1931 sceleste
470 1898 576 1948 quo
597 1879 732 1942 illam
756 1881 938 1930 ducis?
1005 1880 1096 1931 SY.
1130 1884 1246 1948 Quo
1270 1900 1362 1949 ego
1387 1876 1558 1932 illam?

143 1972 145 1974 ·
317 1962 323 1973 “
486 1949 700 2008 adnos,
744 1948 939 1999 scilicet.
1147 1965 1153 1969 ·

128 2018 284 2067 CLIT.
319 2015 395 2067 Ad
429 2016 723 2084 patremne?
775 2020 906 2068 SYR.
927 2015 1002 2066 Ad
1025 2035 1139 2066 eum
1171 2019 1342 2084 ipsum.
1396 2021 1552 2068 CLIT.

488 2088 531 2133 O
554 2084 773 2136 hominis
793 2085 1136 2154 impudentem
1152 2087 1432 2137 audaciam.
1462 2089 1553 2137 SY.

484 2151 615 2203 heus
637 2167 708 2203 tu.
731 2157 771 2217 *)
1245 2152 1247 2154 ’

187 2311 254 2359 97)
279 2323 351 2346 nou
378 2319 501 2345 curata
555 2313 615 2355 953)
641 2310 696 2345 vel
722 2309 860 2346 inluvie
922 2310 989 2357 99)
1028 2322 1050 2344 o
1072 2308 1197 2345 Clinia
1242 2309 1278 2354 ⁸¹)
1301 2311 1394 2347 odie.
1428 2313 1551 2347 omitt.

234 2379 274 2404 tu
306 2375 310 2379 ‘
343 2370 375 2408 ι)
398 2365 479 2401 vel?
523 2367 692 2415 Adfuisse
718 2372 840 2414 primo
874 2369 1030 2404 videtur
1055 2367 1210 2413 fignum
1238 2369 1551 2416 interrogationis

234 2430 271 2469 3)
296 2427 410 2461 litera
442 2423 454 2457 i
483 2424 664 2460 damnata
691 2428 742 2471 esc
771 2437 909 2470 puncto
939 2426 1046 2469 infra
1073 2423 1197 2471 posteo
1262 2426 1305 2469 4)
1339 2426 1377 2459 in
1409 2437 1551 2460 tantum

233 2482 275 2528 5)
302 2481 516 2516 internuntii
538 2482 561 2515 i.
580 2494 610 2515 e.
637 2481 781 2528 puellae
805 2494 898 2529 quae
919 2492 1112 2530 apparatae
1133 2481 1326 2525 mittuntur
1347 2481 1393 2516 ad
1414 2493 1551 2517 amato·

235 2551 291 2574 res
318 2537 548 2572 dominarum
605 2538 647 2582 6)
673 2536 755 2573 usus
777 2538 826 2573 est
852 2538 996 2573 illarum
1052 2538 1082 2579 ‘)
1105 2538 1195 2573 edic.
1228 2537 1364 2573 eisdem
1430 2539 1472 2586 7)
1491 2538 1551 2574 iis-

234 2595 319 2630 dem
367 2597 408 2640 8)
436 2593 645 2629 muneribus
670 2594 843 2630 honorari
904 2596 946 2641 9)
976 2604 1191 2641 praeparant
1243 2596 1303 2639 ιο)
1328 2594 1507 2645 narrando
1528 2608 1549 2631 o

234 2653 319 2700 Syre
389 2653 447 2698 ιι)
474 2652 634 2699 incipere
693 2655 753 2698 12)
779 2651 970 2697 Antiphila
1028 2651 1090 2695 13)
1115 2649 1235 2685 videre
1261 2649 1378 2699 poss'es
1447 2658 1503 2700 14)
1528 2666 1551 2688 ο

237 2710 363 2746 Clinia
407 2710 444 2755 ⁴¹)
469 2709 561 2760 edic.
580 2711 701 2747 omitt.
728 2720 786 2750 tu,
814 2710 1046 2755 improbante
1067 2709 1191 2750 Bentl,
