1780 3100
93 1019 149 1047 20
152 971 262 1046 Abi
293 995 513 1046 domum.

610 113 750 159 Aer.
786 113 822 159 Ι.

127 243 312 320 Repu
314 243 508 305 (Batus,
537 245 602 304 ⁵⁰)
646 244 735 313 rep
739 259 861 295 etor.
890 249 952 310 5¹)

895 111 1068 160 Sctx.
1103 113 1159 161 V.
1533 117 1591 165 5ι

1007 265 1158 315 quam
1166 246 1371 297 obrem?
1391 250 1454 311 5²)
1505 247 1606 300 nist

527 311 563 362 fi
587 318 649 376 53)
686 314 738 363 id
769 315 838 363 est
864 314 1007 382 quod
1027 315 1257 380 suspicor.

36 330 153 437 ’ἰν-ἰδ
165 378 372 452 Aliquid
399 383 618 441 monstri,
641 385 711 462 54)
749 382 894 431 alunt
916 389 991 446 55).

1061 387 1143 442 Ea,
1171 382 1234 445 56)
1269 384 1307 446 *)
1349 386 1596 454 quoniam

523 451 714 500 nemini
743 451 952 500 obtrudi
977 453 1040 509 57)
1072 452 1255 518 potest,

129 522 271 572 Itur
283 515 365 569 ad
385 537 478 569 me.
543 522 658 568 MY.
697 521 874 568 Oratio
896 524 966 581 58)
990 471 1117 570 haepc
1135 537 1215 569 me
1235 519 1460 570 miseram
1481 539 1595 572 exa-

523 587 737 638 nimavit
764 602 915 637 metu.

159 658 405 707 PAMPH.
438 658 571 706 Nam
595 657 719 729 quid
741 674 833 722 ego
847 661 883 717 *)
919 655 1083 705 dicam
1103 653 1164 704 de
1183 658 1366 722 patre?
1400 655 1477 705 ah.
1496 659 1560 718 59)

165 729 456 774 Tantamne
478 742 584 772 rem
604 724 666 785 bo)
701 738 804 772 tam
827 724 1134 790 negligenter
1153 725 1332 790 agere?
1356 721 1418 786 6ῑ)
1450 743 1593 791 prae-

525 793 713 841 teriens
734 791 796 851 62)
831 792 999 850 modo,

167 860 320 919 Mihi,
357 859 494 927 apud
513 859 690 918 forum,
724 877 856 908 uxor
876 859 970 908 tibi
997 857 1228 908 ducenda
1249 859 1328 919 est,
1362 859 1591 928 Pamphi-

523 926 592 987 le,
623 927 775 977 hodie
800 927 1027 994 inquit.-

593 994 646 1044 ld
677 993 798 1044 mihi
829 1015 873 1043 vi
881 997 960 1043 lus
994 996 1062 1043 est
1091 995 1268 1044 dicere.

1198 925 1242 966 63

1022 930 1177 974 Para
1244 932 1259 987 )
1347 993 1443 1044 Abi
1475 996 1590 1057 cito,

524 1079 586 1114 ac
603 1066 644 1124 *)
678 1062 913 1130 suspende
943 1075 1005 1111 te.

218 1197 288 1244 5ο)
315 1194 543 1231 nChremete
589 1197 654 1242 51)
674 1195 718 1231 ab
738 1194 816 1244 ipso
862 1195 928 1241 52)
946 1185 1107 1242 repetor'
1136 1197 1202 1239 53)
1222 1193 1288 1230 nifi
1308 1194 1399 1229 forte
1445 1196 1511 1242 54)
1528 1196 1590 1244 fig.

266 1253 383 1288 menti
427 1252 494 1299 55)
516 1252 708 1288 inveniunt
769 1252 835 1298 56)
860 1251 936 1287 filia
968 1251 1175 1287 Chremetis

1238 1252 1274 1297 ⁴¹)
1304 1253 1404 1288 Edit.
1435 1268 1510 1290 non
1533 1257 1588 1290 di-

256 1313 460 1360 stinguunt
481 1314 563 1358 post:
592 1322 652 1352 εις
678 1311 775 1346 male
784 1324 797 1351 ;
824 1323 914 1345 nam
938 1321 980 1344 ea
1005 1310 1203 1346 ablativus
1226 1313 1331 1356 casus
1360 1311 1410 1356 esc
1436 1321 1473 1346 et
1498 1324 1585 1354 con-

257 1370 425 1415 struitur
449 1365 630 1412 cum-itur
695 1367 762 1412 57)
786 1365 898 1402 obiici
964 1368 1030 1412 58)
1056 1366 1195 1402 locutio
1250 1367 1287 1413 ⁴²)
1313 1367 1413 1402 Edit.
1440 1368 1587 1405 addunt

265 1437 367 1460 nunc
407 1425 645 1471 improbante
683 1426 805 1460 Bencl.

879 1424 951 1469 59)
993 1423 1264 1471 expavescentis
1334 1423 1400 1467 60)
1439 1424 1586 1472 nuptiae

264 1481 333 1528 61)
362 1480 438 1517 vult
483 1481 550 1527 62)
575 1491 690 1528 pater.
713 1480 865 1529 quidam
884 1481 998 1535 servus
1022 1481 1134 1529 patris
1189 1479 1255 1528 63)
1279 1492 1454 1528 praepara
1480 1491 1518 1518 te
1540 1481 1587 1517 ad

262 1538 412 1588 nuptias
431 1573 433 1575 .
458 1538 494 1585 ⁴¹)
520 1539 588 1576 Ed.
611 1547 658 1573 et.

163 1687 290 1726 omnia
329 1686 410 1724 Cic.
440 1686 551 1722 Catil.
580 1687 644 1722 111.
674 1687 708 1723 6.
738 1688 839 1736 quod

153 1743 373 1794 faciendum
407 1748 568 1793 primum
584 1746 672 1790 fuit
689 1745 836 1783 saccum

151 1815 270 1855 atque
279 1815 512 1841 transactum
522 1806 584 1849 esc.
602 1815 631 1836 v.
641 1801 832 1837 Guilielm.

158 1859 362 1913 quaestion.
381 1860 498 1896 Plaut.
520 1872 551 1896 c.
569 1860 623 1896 6.'

159 1918 165 1924 ⁴
207 1926 261 1965 ¹4·
287 1918 427 1964 nisisi]
475 1916 657 1962 eleganter
675 1927 741 1964 pro
760 1915 834 1961 rufi

158 1976 198 2012 in
218 1975 289 2013 Ad.
311 1977 374 2011 IV.
395 1983 427 2018 3.
450 1983 482 2017 3.
504 1974 577 2020 nisi
593 1973 635 2020 fi
654 1986 710 2008 me
727 1975 768 2008 itz
788 1974 835 2008 il-

156 2037 197 2072 lo
222 2035 419 2081 credidisti
455 2035 524 2078 esse
552 2031 740 2067 homiuum
768 2045 835 2065 nu-

157 2086 279 2129 ηιενο.
297 2090 406 2126 ovid.
421 2089 596 2137 epist.1v.
614 2101 687 2122 ιιι.
708 2087 833 2132 nisisi

157 2150 358 2196 manifesta
375 2161 565 2195 negamus,
589 2144 650 2180 ubi
662 2158 695 2179 v.
709 2142 831 2179 Heius.

156 2207 237 2244 Liv.
258 2208 319 2240 vl.
332 2207 388 2242 26.
410 2204 531 2249 m'stfi
553 2203 703 2252 quando
725 2214 749 2235 a
765 2215 834 2237 vo-

157 2266 216 2302 bis
234 2277 340 2300 arma
359 2264 620 2308 acceperimus.
641 2272 673 2294 v.
691 2259 832 2294 Duker.

159 2321 208 2358 ad
225 2321 319 2357 Flor.
340 2320 403 2355 lv.
424 2331 455 2363 7.
476 2324 555 2362 824.

208 2386 263 2422 15.
288 2377 438 2422 aliquid
454 2376 608 2421 monstri
624 2373 758 2418 alunt]
792 2370 832 2407 h.

160 2449 193 2472 ο.
205 2435 408 2471 occultatur
419 2432 571 2480 aliquod
583 2431 726 2471 vitium;
746 2442 832 2465 nam

157 2492 318 2528 monstra
344 2491 390 2526 ob
417 2489 593 2539 pudorem
623 2487 832 2523 clanculum

159 2550 210 2585 ali
235 2560 270 2586 et
297 2548 471 2584 occultari
500 2546 624 2581 [olent.
669 2544 833 2591 Suspica-

157 2606 265 2643 batur
284 2617 403 2643 autem
432 2603 644 2653 Pamphilus
672 2603 834 2650 puellam

158 2664 249 2700 vitio
268 2663 430 2712 corporis
448 2661 514 2707 fibi
540 2662 666 2707 ignoto
694 2659 836 2694 labou-

160 2734 211 2758 τι.
229 2733 261 2758 ν.
280 2722 419 2757 Εηιιιιὶ
443 2719 548 2765 adag.
572 2731 609 2766 p.
638 2724 741 2763 ¹3¹9·

965 1697 1020 1730 ¹7.
1047 1687 1158 1731 nam]
1217 1685 1401 1733 eleganter
1440 1686 1587 1725 inservit

914 1741 1130 1782 transitioni,
1154 1753 1194 1777 ut
1214 1741 1317 1789 supra
1338 1746 1367 1779 Ι.
1385 1757 1414 1778 1.
1434 1750 1491 1789 24.

964 1811 1017 1845 ¹9-
1043 1801 1148 1845 apud
1165 1801 1325 1846 forum]
1375 1801 1399 1835 i.
1423 1814 1453 1836 e.
1474 1802 1513 1836 in
1531 1801 1586 1838 fo-

910 1868 964 1895 ro,
978 1855 1078 1890 -infra
1096 1857 1157 1890 1V.
1172 1862 1206 1899 4.
1220 1858 1254 1892 6.
1276 1859 1367 1906 quid
1387 1859 1516 1896 curbae
1533 1863 1586 1906 est

909 1914 1014 1957 apud
1029 1909 1195 1958 forum?
1226 1914 1264 1948 in
1297 1914 1366 1949 Ad.
1394 1916 1459 1954 lv.
1490 1929 1522 1952 1.
1552 1929 1584 1951 1.

910 1971 1015 2016 apud
1023 1973 1160 2007 villam
1170 1972 1230 2014 esc.
1245 1971 1322 2007 Liv.
1337 1971 1374 2006 in
1388 1973 1474 2020 epit.
1489 1973 1585 2011 CXI.

909 2022 1015 2073 apud
1036 2028 1267 2075 Phatsaliam
1289 2032 1370 2067 acie
1389 2032 1515 2066 victus
1532 2032 1584 2075 ele

909 2084 974 2120 ubi
1001 2097 1032 2118 v.
1055 2085 1195 2119 Duker.

953 2142 1077 2187 para]
1127 2154 1259 2190 nempe
1278 2156 1371 2191 quae
1393 2142 1585 2179 neeeffaria

909 2196 992 2233 sunt
1012 2198 1059 2232 ad
1088 2198 1249 2246 nuptiae.
1298 2201 1417 2236 Verba
1445 2213 1582 2248 parare.

912 2267 1097 2303 apparare,
1126 2269 1355 2304 comparare.
1380 2256 1485 2304 saepe
1509 2256 1584 2292 fine

911 2312 992 2347 casu
1013 2323 1211 2360 ponuntur.
1236 2314 1364 2361 Nepos
1384 2314 1422 2348 in
1432 2308 1585 2360 Thi-asy-

909 2370 998 2405 bulo
1011 2383 1048 2415 ⁴c.
1063 2383 1094 2404 2.
1116 2382 1278 2414 tempore
1297 2373 1351 2407 ad
1367 2383 1585 2416 comparan-

910 2430 997 2463 dum
1013 2427 1105 2462 daco
1126 2426 1205 2460 Cic.
1227 2425 1274 2460 ad
1293 2427 1377 2463 Div.
1397 2429 1512 2463 XVII.
1528 2440 1583 2462 ιο.

908 2500 958 2522 eae
981 2486 1050 2519 hac
1076 2498 1218 2532 quoque
1239 2497 1350 2529 parte
1375 2486 1586 2532 diligentis²

901 2544 998 2589 sime
1017 2552 1269 2583 comparatur.
1301 2540 1409 2577 Ovid.
1425 2540 1532 2576 Trist.
1554 2541 1584 2577 I.

909 2609 943 2643 3.
972 2611 1074 2645 7.nec
1100 2612 1200 2634 mens
1226 2611 1293 2633 nec
1306 2599 1476 2642 spatium
1492 2598 1583 2641 sue·

909 2669 999 2694 rant
1018 2659 1119 2700 finis
1138 2667 1233 2701 apta
1248 2657 1416 2699 paranti.
1438 2666 1469 2691 ν.
1490 2653 1583 2688 Gro-

911 2726 995 2750 nov.
1015 2712 1061 2747 ad
1079 2711 1157 2748 Liv.
1174 2710 1341 2747 xxvlu.
1366 2719 1435 2745 12.·-
1451 2729 1455 2734 -

1343 2772 1390 2818 D
1416 2788 1442 2815 2
