1760 3086
325 135 387 168 10

879 115 1176 164 ANDRIA.

320 245 599 301 Menander
613 246 735 302 fecit
761 245 999 296 Andriam
1025 261 1075 297 et
1093 246 1399 298 Perinthiam
1423 240 1496 309 ¹²).

212 373 226 379 ,,
252 344 301 371 ιο
317 320 417 386 Qui
438 316 677 365 utramvis
702 318 760 371 ι5)
793 330 930 366 recte
953 317 1110 374 norit,
1146 316 1320 365 ambas
1348 314 1556 367 noverit.

320 390 441 437 Non
462 386 531 431 ita
553 381 761 430 disfimili
791 383 904 431 sunt
927 385 982 442 Ῑ4)
1016 397 1311 449 argumento
1338 389 1416 446 ¹5),
1446 381 1529 432 sed
1557 393 1728 430 tarnen-

314 449 538 504 Disfimili
561 451 789 498 oratione
812 447 869 511 16)
902 451 1012 500 sunt
1030 451 1190 500 factae
1212 469 1273 500 ac
1295 450 1415 500 stilo.
1644 471 1646 474 ¹

317 525 460 585 Quae
480 534 760 566 convenere
780 518 831 565 in
855 518 1093 566 Andriam
1115 523 1170 580 ¹7)
1205 536 1265 567 ex
1284 517 1542 568 Perinthia
1569 521 1627 579 ¹⁸)

312 592 518 635 Fatetur
543 592 598 645 ¹9)
624 583 958 642 transtulisse,
994 598 1149 651 atque
1171 587 1312 634 usum
1334 603 1429 652 pro
1451 586 1550 634 suis
1571 589 1645 646 ²⁰).

244 667 295 706 15
311 654 365 704 Id
384 653 457 702 isti
480 656 540 714 ²¹)
574 652 862 718 vituperant
887 651 1098 710 factum3
1129 664 1282 718 atque
1313 653 1445 702 ineo
1472 652 1727 719 disputant

375 788 437 832 12)
462 783 612 819 nomina
630 782 832 826 fabularum
850 781 932 817 sunt
980 783 1041 828 13)
1064 794 1174 817 unam
1194 795 1212 817 e
1231 782 1370 818 duabus
1391 793 1453 819 aut
1469 781 1642 818 Andriam
1664 791 1728 816 aut

413 841 638 877 Perinthiam
670 840 731 886 14)
753 839 837 873 illae
850 839 1098 874 duaeiabulae
1127 840 1186 885 15)
1206 839 1245 873 id
1255 839 1305 874 est
1324 838 1552 875 coutinentia
1571 849 1608 874 et
1623 836 1726 872 sensu

419 900 480 946 16)
497 898 637 932 ratione
668 897 729 943 17)
746 895 910 938 Terentii
938 896 997 941 18)
1008 894 1206 930 Menandri
1236 895 1297 942 19)
1317 894 1392 943 ipse
1411 904 1523 944 poeta
1547 895 1614 942 20)
1632 905 1726 940 quae

415 968 459 990 ex
479 952 684 990 Menandro
714 953 856 1002 accepit
901 955 966 999 21)
992 951 1175 987 malevoli.

308 1115 376 1151 pro
395 1102 704 1141 animadvertite,
727 1113 820 1147 quae
839 1111 979 1135 eontra-

310 1170 370 1194 cta
394 1158 510 1195 forma
529 1157 735 1205 frequenter
754 1158 803 1193 est
826 1158 865 1192 in
885 1159 978 1194 Eun.

307 1216 371 1250 ΙΠ.
406 1228 436 1249 1.
470 1228 502 1260 7.
531 1216 685 1251 adverti
725 1216 857 1251 Hercle
898 1216 978 1250 am·-

308 1285 418 1308 mum.
475 1270 635 1306 Rutilius
653 1273 777 1319 Lupus
808 1273 851 1306 L.
873 1272 918 1305 II.
939 1283 976 1316 p.

307 1341 364 1374 77.
377 1329 527 1372 diversa
536 1331 671 1375 studia
692 1330 975 1375 adolefitentium

305 1388 473 1424 animum
512 1387 799 1421 adver-teramus
840 1382 904 1418 ubi
942 1395 974 1416 v.

308 1453 402 1489 quae
422 1441 562 1475 notavit
577 1440 897 1480 cl.Ruhnkenius;
922 1439 976 1473 in-

306 1498 451 1533 terdum
471 1496 597 1532 omissa
614 1510 702 1532 voce
720 1501 895 1535 animum,
917 1508 976 1529 eo·

303 1553 392 1595 dem
410 1551 512 1588 sensu
531 1553 662 1588 dicitur
678 1553 871 1588 advertere.
897 1553 977 1589 Liv.

304 1610 435 1647 XLIV.
453 1616 510 1654 43.
539 1624 647 1660 quum
669 1613 754 1656 fine
782 1613 890 1656 eausa
916 1610 976 1645 de-

306 1670 440 1703 lectam
468 1668 538 1714 esse
566 1670 710 1713 regiam
740 1667 923 1702 advertit.
941 1678 974 1699 v.

305 1722 492 1758 Drakenb.
520 1722 563 1757 ad
585 1724 645 1758 VI.
665 1734 699 1756 2.

355 1792 409 1814 11.
450 1779 528 1824 ita]
590 1789 766 1826 tanquam
816 1776 973 1823 augendi

303 1835 483 1884 particula
501 1836 651 1883 ponitur
671 1846 736 1881 pro
754 1835 883 1874 valde,
907 1834 973 1868 ad-

304 1896 465 1930 modum.
513 1894 640 1940 Nepos
670 1892 710 1925 in
734 1890 911 1936 Pelopida
939 1902 970 1924 c.

303 1963 339 1985 2.
363 1963 522 1997 magnae
553 1953 663 1996 fizepe
697 1962 757 1984 res
804 1962 879 1983 non
913 1950 973 1983 ita

303 2007 453 2055 magnis
480 2009 597 2052 copiis
614 2009 707 2051 sunt
733 2005 866 2051 gestae.
892 2003 970 2040 Liv,

302 2065 367 2101 IV.
402 2076 455 2098 12.
484 2063 585 2099 haud
613 2066 670 2098 ita
696 2063 852 2097 multum
876 2062 969 2105 fru-

301 2123 419 2158 menti
464 2121 662 2156 advectum
704 2121 773 2165 efi,
809 2117 888 2152 'ubi
938 2129 970 2153 ν.

301 2177 420 2213 Drak.
743 2184 746 2189 ·

352 2251 406 2273 12.
431 2239 602 2273 oratione
621 2236 795 2288 αι’-[εἶξα]
845 2236 971 2270 Dona-

302 2306 360 2331 tus
393 2286 597 2329 ‘orationem
628 2292 666 2326 in
695 2291 813 2332 sensu,
849 2292 970 2327 stilum

303 2352 343 2387 iu
365 2351 479 2386 verbis
507 2348 674 2394 explicat.
732 2348 863 2383 Graeci
895 2360 973 2382 ora-

302 2408 442 2443 tionem
477 2401 639 2441 διοινοιοιν
669 2416 816 2444 vocant,
837 2403 972 2439 ,stilum

303 2464 407 2509 λεξιν,
429 2460 490 2496 sed
508 2461 553 2496 cl.
567 2459 804 2505 Heufingerus
818 2458 862 2494 ad
875 2460 971 2506 Nep.

192 2544 195 2554 1
267 2512 269 2515 .
302 2519 502 2564 fragmenta
534 2516 671 2552 Malleo
698 2516 897 2551 Theodoro
925 2515 971 2550 de

302 2575 424 2610 metris
458 2573 616 2608 subiecta
658 2586 694 2619 p.
736 2581 800 2616 ¹50
841 2573 973 2607 oratio—

294 2646 386 2671 ,nem
407 2629 540 2677 accipit
560 2628 805 2664 denseribendi
825 2628 973 2662 faculta-

303 2701 340 2726 te
362 2702 402 2724 ac
422 2688 555 2726 forma,
583 2697 624 2722 ut
641 2686 703 2721 hic
720 2685 836 2721 oratio
856 2695 891 2720 et
915 2684 974 2720 sti·

1053 1101 1121 1136 lus.
1141 1100 1202 1135 sic
1221 1099 1259 1134 in
1270 1099 1523 1147 Phorm.prol.
1543 1096 1624 1144 ν.’4.
1643 1097 1724 1142 iun-

1054 1167 1186 1202 guntur
1208 1156 1323 1191 oratio
1345 1166 1380 1191 et
1396 1154 1582 1203 [criptura.

1104 1222 1158 1257 13.
1198 1226 1292 1262 quae
1335 1212 1562 1257 convenere]
1618 1210 1658 1245 11.
1689 1222 1722 1244 e.

1054 1283 1146 1319 quae
1180 1268 1375 1305 commoda
1403 1278 1482 1303 acta
1509 1267 1656 1303 fuerunt
1681 1266 1724 1300 in

1051 1327 1162 1364 Andr.
1181 1328 1244 1362 IV.
1266 1339 1301 1362 2.
1335 1333 1386 1368 ¹3·
1407 1325 1505 1361 hanc
1537 1324 1630 1361 mihi
1656 1337 1722 1360 ea:-

1050 1388 1183 1431 petivi.
1202 1385 1375 1431 contigit.
1398 1384 1628 1418 conveniunt
1645 1395 1722 1416 mo-

1050 1457 1110 1479 res
1140 1455 1172 1479 v.
1202 1440 1312 1476 ovid.
1337 1438 1448 1486 Epist.
1471 1440 1517 1477 V.
1536 1451 1593 1484 77.
1623 1450 1722 1475 nuno

1050 1501 1121 1536 tibi
1137 1500 1363 1534 conveniunt
1382 1495 1446 1530 ubi
1464 1508 1496 1532 v.
1514 1493 1638 1530 Heius.

1100 1563 1152 1598 ¹5.
1178 1554 1263 1602 isti]
1310 1552 1384 1587 hoc
1403 1553 1619 1599 pronomine
1645 1551 1721 1586 fere
1757 1596 1759 1598 Ι

1051 1610 1179 1646 odium
1205 1621 1240 1645 et
1267 1619 1470 1644 contemtus
1496 1607 1721 1656 exprimitur.

1050 1681 1136 1703 mox
1153 1681 1185 1702 v.
1205 1680 1261 1702 21.
1287 1670 1440 1713 istorum
1455 1667 1643 1712 obscur-am
1662 1665 1721 1700 di-

1049 1727 1258 1772 ligentiam.
1293 1724 1385 1758 Eun.
1411 1724 1440 1759 Ι.
1469 1734 1504 1758 2.
1538 1733 1614 1756 112.
1636 1735 1719 1756 cum

1047 1783 1168 1816 milite
1198 1783 1269 1826 isto
1309 1783 1479 1826 praesens
1517 1779 1644 1824 absens
1676 1788 1727 1817 ue,

1039 1838 1120 1883 sis,
1143 1836 1242 1884 apud
1269 1836 1379 1871 ovid.
1406 1834 1650 1882 Metamorph.
1671 1836 1717 1868 L.

1047 1896 1145 1929 X111.
1169 1893 1311 1941 quoties
1334 1892 1380 1926 de
1405 1889 1524 1938 Ulysse
1542 1890 1716 1938 loquitur,

1048 1951 1121 1986 hoc
1172 1949 1393 1997 pronomine
1443 1946 1568 1983 utitur.
1627 1945 1719 1981 Vid.

1046 2007 1167 2043 Bentl.
1190 2005 1314 2041 adAd.
1333 2007 1362 2040 1.
1385 2017 1416 2039 1.
1431 2012 1485 2046 18.
1508 2014 1632 2039 contra
1649 2005 1718 2040 ille

1046 2064 1260 2111 plerumque
1303 2063 1343 2096 in
1376 2059 1525 2096 laudem
1568 2058 1715 2094 dicitur.

1045 2120 1120 2155 vid.
1146 2117 1335 2153 Drakenb.
1366 2117 1414 2152 ad.
1442 2116 1507 2154 Sil.
1540 2115 1622 2152 Ital.
1652 2116 1719 2151 111.

1050 2186 1126 2220 181.

1090 2237 1131 2270 in
1150 2248 1191 2269 eo
1211 2233 1429 2280 disputant]
1479 2232 1518 2267 h.
1539 2243 1571 2266 e.
1599 2229 1645 2265 de
1674 2241 1717 2265 ea

1046 2303 1083 2325 re
1120 2289 1319 2324 sermonem
1347 2288 1484 2328 serunt,
1535 2286 1582 2322 de
1611 2299 1653 2322 ea
1677 2299 1716 2322 re

1045 2346 1200 2381 multum
1222 2346 1433 2393 loquuntur.
1473 2344 1553 2379 Cic.
1572 2343 1618 2378 ad
1629 2343 1728 2378 Div.x

1046 2404 1111 2437 ΙΙΙ.
1129 2411 1162 2444 8.
1188 2406 1265 2438 iam
1283 2416 1358 2438 non
1376 2414 1453 2437 tam
1474 2401 1566 2446 mihi
1587 2402 1717 2436 viden-

1048 2471 1110 2494 tur
1133 2461 1311 2494 iniuriam
1331 2459 1463 2502 facere
1486 2460 1549 2494 illi
1557 2485 1567 2497 ,
1584 2458 1636 2502 fi*
1653 2459 1716 2505 qui
1746 2456 1749 2459 ¹

1047 2516 1136 2550 haee
1167 2517 1378 2560 dzfioutant,
1407 2527 1515 2563 quam
1541 2513 1716 2563 fisscuiue

1048 2585 1156 2607 aures
1199 2573 1251 2606 ad
1291 2571 1386 2606 hanc
1426 2571 1716 2616 dzjfputationem

1013 2646 1016 2649 ·
1047 2639 1191 2673 patent.
1237 2626 1430 2675 Disputare
1458 2624 1555 2673 apud
1580 2623 1714 2660 vetere&

1048 2697 1124 2718 non
1156 2683 1205 2720 est
1235 2682 1454 2719 contendere
1486 2681 1601 2717 verbis
1632 2694 1732 2730 cum>
