1812 3100
555 157 696 207 Αστ.
741 160 794 206 Π.

869 157 1039 207 Scau.
1083 161 1115 206 1.

1459 161 1553 223 173

32 285 286 373 5Quam
315 290 415 344 hoc
443 291 644 360 peribit.
679 295 741 354 ι4)
824 296 924 342 PH.
964 297 1068 362 Ego
1095 310 1307 362 quoque
1335 310 1440 344 una
1471 311 1556 361 pe

38 403 42 406 .
482 379 586 421 reo,
614 364 674 422 ¹5)
699 362 842 430 quod
867 360 1074 412 m1h1est
1095 364 1280 421 carius,

35 430 46 492 J
119 432 209 483 Ne
221 429 344 482 istuc
368 428 426 493 16)
459 443 562 480 tam
591 431 771 499 Iniquo
791 430 987 496 patiare
1007 433 1190 480 animo.
1216 436 1273 491 ι7)
1306 432 1443 481 ΡΑΒ.
1461 401 1555 482 Mi·

24 496 45 518 “³
480 499 628 558 nime,
664 500 790 567 quin
814 498 1048 548 effectum
1071 498 1216 548 dabo.
1240 503 1298 561 ¹8)

42 580 49 635 ‚'
118 566 219 619 Sed
253 566 506 636 numquid
541 566 680 616 aliud
703 569 957 634 imperas?

118 639 222 687 PH.
241 639 434 686 Munus
458 637 683 686 nostrum
706 649 889 684 ornato
913 640 972 697 ι9)
1008 635 1191 694 verbis,
1213 635 1355 703 quod
1375 638 1438 697 ²⁰)
1467 654 1555 704 po·

482 706 620 763 teris,
652 718 703 754 et
722 705 866 752 istum
891 703 1162 766 aemulum,
1185 713 1247 768 2¹)

122 772 276 840 Quod
300 773 520 841 poteris,
550 772 613 821 ab
648 791 707 822 ea
741 771 930 839 pellito.

33 841 251 893 ffuoPAR
285 849 366 891 Au
387 842 426 904 *)
466 842 696 899 memini,
727 840 921 890 tametfi
950 848 1011 900 22)
1046 839 1218 891 nullus
1243 859 1466 890 moneas.
1491 846 1554 904 ²3)

483 911 585 958 PH.
618 914 720 976 Ego
741 927 829 958 rus
852 909 961 968 ibo,
988 923 1142 977 atque
1164 909 1234 958 ibi
1259 909 1488 959 manebo.

116 980 254 1030 PAR.
270 977 455 1028 Censeo
475 980 538 1039 24)
574 980 674 1027 PH.
699 978 826 1027 heus
850 981 928 1027 tu!
973 980 1109 1026 PAR.

1129 978 1266 1044 Quid
1286 979 1396 1027 vis⁹
1452 981 1555 1027 PH.

484 1046 670 1096 Censen
690 1052 751 1103 25)
786 1064 866 1095 me
888 1046 1023 1113 posse
1043 1044 1313 1096 obfirmare
1335 1044 1396 1107 ²⁶)

117 1119 179 1166 Et
197 1116 415 1184 perpeti,
450 1132 514 1163 ne
534 1113 732 1163 redeam
755 1114 980 1163 interea?
1002 1119 1063 1178 27)
1116 1116 1253 1163 PAR.
1289 1117 1336 1161 Ί
1341 1116 1469 1164 ene?
1491 1118 1554 1177 ²8)

452 1186 599 1232 ·IN'on
618 1182 753 1232 ercle
774 1181 1002 1233 arbitror.

117 1257 253 1326 Nam
271 1265 364 1303 aut
383 1251 482 1301 iam
508 1265 781 1309 revertere,
803 1253 867 1312 29)
910 1264 1001 1300 aut
1030 1268 1149 1300 mox
1176 1264 1338 1301 noctu
1369 1264 1422 1301 te
1449 1250 1551 1301 adi-

478 1333 597 1387 gent
619 1322 685 1381 3⁰)
720 1321 885 1370 orsum
910 1325 970 1384 3¹)
1005 1320 1265 1370 insomnia.

181 1426 436 1481 14)'velociter
455 1430 515 1466 fiet
533 1431 587 1466 vel
608 1430 675 1467 erit
743 1432 804 1480 15)
840 1431 944 1468 fimul
967 1436 1077 1480 pereo
1128 1432 1190 1478 16)
1215 1430 1310 1467 istud
1361 1435 1422 1481 17)
1446 1430 1546 1473 susti-

222 1503 311 1528 neas
333 1487 434 1537 quod
460 1487 556 1523 solus
588 1488 739 1524 deducis
767 1503 918 1527 munera
976 1491 1037 1535 18)
1063 1488 1209 1537 insuper
1228 1490 1451 1537 completum
1470 1489 1551 1526 red-

227 1549 313 1584 dam
376 1550 431 1593 ¹9)
456 1546 609 1582 honeste
629 1547 845 1595 prosequere
903 1548 969 1592 2ο)
996 1557 1173 1594 quantum
1230 1547 1295 1588 21)
1323 1546 1553 1583 Thrasonem

226 1607 263 1654 ⁴)
286 1607 377 1642 edic.
420 1605 528 1651 deese.
575 1617 762 1651 repertum
788 1609 829 1642 in
864 1607 974 1642 codd.
1009 1607 1198 1641 Bentleius
1226 1608 1391 1640 mutavit
1425 1608 1466 1642 in
1504 1605 1551 1640 ah

227 1663 295 1711 22)
318 1663 408 1699 licet
454 1665 521 1709 23)
546 1676 611 1710 pro
634 1674 799 1701 moneat,
822 1676 886 1709 pro
909 1664 1012 1697 tertia
1035 1661 1187 1709 perlona
1205 1659 1364 1696 secunda
1411 1667 1471 1706 24)
1497 1662 1552 1697 iu-

224 1721 310 1757 dico
378 1721 442 1767 25)
470 1732 516 1756 an
551 1720 691 1755 iudicas
721 1720 775 1754 vel
802 1720 967 1756 aestimas
1026 1720 1091 1765 26)
1114 1718 1278 1753 animum
1334 1723 1395 1766 27)
1420 1719 1467 1754 ad
1487 1719 1553 1756 do-

222 1791 324 1815 mum
344 1777 514 1814 Thaidos
537 1791 600 1826 per
626 1777 699 1812 hoe
721 1776 874 1812 biduum
940 1779 1006 1823 28)
1032 1789 1077 1812 an
1099 1787 1134 1814 te
1199 1779 1265 1824 29)
1292 1778 1477 1815 reverteris
1502 1778 1551 1815 ad

223 1836 375 1873 domum
397 1835 496 1872 illius
543 1839 605 1880 30)
633 1835 824 1882 agitabunt
870 1840 930 1878 51)
959 1835 1005 1870 ad
1024 1835 1122 1871 hanc
1143 1835 1309 1872 domum.

166 1968 201 2004 8·
226 1976 359 1998 munus
377 1961 543 2008 nostr-um
562 1974 697 1998 ornato
711 1978 797 1999 ver-

118 2018 201 2065 bie]
257 2018 282 2053 i.
312 2031 344 2053 e.
382 2018 641 2069 praestantiqm
671 2033 797 2055 mune·

118 2075 170 2112 ria
196 2075 313 2111 verbis
343 2086 486 2122 mugeto.
515 2077 595 2112 Cic.
623 2077 669 2113 de
696 2077 795 2114 offic.

100 2130 167 2169 ¹11.
193 2144 250 2168 20.
270 2147 385 2182 neque
412 2149 506 2172 vero
531 2137 659 2173 verbis
683 2149 797 2186 auget

110 2194 222 2239 ficum
249 2206 393 2228 munus·
424 2192 518 2227 Plin.
555 2194 657 2241 epist.
695 2196 724 2229 1.
761 2203 796 2237 8.

119 2251 188 2298 qui
212 2248 408 2294 benefacta
427 2253 502 2296 fua
527 2253 656 2287 verbis
682 2255 797 2289 ador-

117 2317 227 2343 nant.
247 2306 310 2340 ubi
331 2318 362 2339 v.
376 2306 556 2342 Conium.
574 2308 699 2347 lustin.
713 2312 797 2346 XV.

123 2373 158 2397 ¹.
208 2363 357 2398 adiecto
402 2363 543 2401 honore
585 2367 797 2406 verborum.

121 2417 282 2466 Quinttil.
303 2418 459 2458 declam.
484 2429 533 2464 13.
552 2435 588 2469 p.
610 2435 688 2469 237.
708 2438 797 2470 par·-

120 2478 185 2513 νὴ
203 2480 436 2514 munusculis
448 2479 611 2516 adiicere
622 2493 799 2520 commen·

121 2534 326 2570 dationem.

167 2593 329 2639 9·‘qu⁰d
353 2592 520 2638 poteris]
569 2592 595 2628 ἱ.
625 2606 656 2631 ε.
685 2607 798 2642 quan-

122 2655 201 2682 tum
230 2649 378 2694 poteris.
406 2649 486 2684 Cic.
518 2649 564 2684 ad
591 2651 675 2686 Div.
703 2654 731 2688 1.
765 2665 795 2688 1.

124 2705 227 2749 qnod
248 2709 438 2743 commodo
463 2722 539 2743 rem
556 2710 690 2753 facere
717 2712 798 2756 pol2

116 2762 188 2807 sis.
218 2761 281 2797 ubi
310 2776 343 2803 v.
360 2765 491 2801 Graev.
521 2766 560 2802 iu
577 2767 710 2804 fleant.
732 2768 797 2803 111.

877 1975 931 2009 ¹7·
967 1963 1067 2013 quod
1104 1974 1238 2008 potero
1274 1965 1457 2002 adiutabo
1491 1969 1551 2013 fi:-

874 2034 971 2056 nem.

925 2091 979 2116 11.
1005 2080 1156 2126 censita]
1230 2078 1372 2114 ironice
1409 2079 1459 2114 est
1490 2092 1553 2114 ne·

874 2136 1016 2180 gantis,
1044 2135 1079 2171 se
1109 2135 1274 2176 censere.
1311 2147 1352 2172 ut
1377 2138 1494 2174 audio
1517 2147 1554 2173 et

873 2192 1018 2228 fimilia.
1039 2205 1072 2227 v.
1093 2193 1216 2230 Bentl.
1238 2193 1283 2228 ad
1303 2194 1342 2231 h.
1359 2194 1387 2231 l.

920 2252 1147 2295 obfirmare]
1217 2250 1461 2299 supplendum
1498 2267 1555 2289 me

873 2308 930 2343 vel
962 2312 1139 2345 animum.
1203 2310 1411 2355 obfirmare
1427 2315 1471 2359 fi:
1497 2311 1555 2346 vel

873 2369 1042 2402 animum
1075 2364 1125 2400 est
1152 2365 1333 2412 perfistere
1366 2368 1404 2403 in
1423 2381 1556 2416 propo-

873 2424 953 2463 fito.
978 2423 1211 2470 pertinaciter
1229 2424 1453 2471 propositum
1472 2438 1557 2472 pro·

873 2478 988 2527 sequi.
1019 2481 1058 2515 in
1087 2482 1219 2518 Heaut.
1247 2482 1294 2515 V.
1321 2490 1356 2525 5.
1386 2491 1420 2525 8.
1440 2484 1555 2528 obfir-

833 2539 835 2541 ’
873 2551 983 2574 mate.
1009 2538 1127 2574 Plaut.
1149 2539 1186 2573 in
1210 2540 1364 2575 Mercat.
1392 2542 1421 2576 1.
1446 2554 1474 2576 ι.
1495 2550 1554 2584 82.

874 2609 915 2633 uc
944 2609 986 2633 uc
1009 2599 1174 2633 animum
1194 2598 1352 2641 obfirmo
1372 2612 1507 2635 meum·

923 2662 975 2696 ¹3·
1008 2654 1180 2698 horsum]
1244 2655 1269 2689 i.
1306 2668 1337 2689 e.
1369 2655 1444 2690 huc
1480 2667 1556 2689 ver-

872 2709 963 2745 sum.
979 2710 1031 2756 ‘in
1052 2711 1142 2745 Hec.
1169 2711 1234 2747 ΙΙΙ.
1263 2718 1299 2757 4.
1320 2712 1378 2755 36.
1407 2712 1555 2760 bot-fiam

871 2779 1049 2815 pergunt.
