1780 3100
561 159 816 212 Acr.11V.
867 160 912 211 ‘S
925 178 952 208 c
967 177 1049 210 rm.
1077 157 1157 209 IV.

1477 178 1565 207 121

150 306 318 363 Mune-
332 304 395 362 ⁷9)
429 316 552 350 cave
575 315 838 377 quoquam
853 301 916 359 8⁰)
940 315 1001 346 ex
1014 298 1136 346 istoc
1156 291 1358 345 excesfis
1371 291 1502 344 1000.
1511 298 1576 357 8')

147 375 259 428 MY,
291 371 357 420 Di
388 383 438 419 te
459 367 740 418 eradicent:
776 367 848 416 ita
868 369 935 426 8²>
970 384 1049 415 me
1074 366 1302 415 miseram
1322 366 1540 414 territas.

153 442 302 490 DAV.
336 438 459 487 Tibi
477 444 571 504 ego
594 434 709 486 dico
729 453 929 484 annon.
915 439 937 471 7
972 438 1083 484 MY.
1123 434 1260 501 Quid
1278 434 1386 484 vis?
1426 435 1576 483 DAV.

0 85 217 340 ἓ

509 512 574 554 At
601 505 752 553 etiam
774 522 953 567 rogas.
938 506 961 538 7

142 568 299 642 Cede,
318 577 383 636 83)
405 575 576 625 cuium
599 590 812 639 puerum
835 572 917 622 hic
938 571 1236 639 apposuisti?
1255 572 1318 629 84)
1344 568 1424 620 dic
1444 568 1579 619 mihi.

79 649 262 698 asMY.
293 648 382 694 Tu
404 644 611 693 nescis?
635 643 698 702 85)
764 643 912 690 DAV.
944 642 1092 689 Mitte
1121 639 1171 688 id
1193 638 1337 707 quod
1366 639 1478 690 scio.
1499 637 1582 689 dic
1640 704 1644 709 V

513 708 655 779 quod
688 727 826 776 rogo.

152 785 266 832 MY.
297 781 464 831 Vestri.
485 778 551 838 8⁶)
616 750 778 827 DAVD
800 777 958 827 Cuius
981 776 1170 826 nostri?
1224 779 1339 824 MY.
1361 773 1582 843 Pamphi·

444 845 447 851 ’
511 847 558 896 11.
628 848 773 895 DAV.
802 849 934 895 Hem
966 844 1128 912 quid?
1164 844 1446 911 Pamphili?

150 922 265 970 MY.
301 915 410 968 Eho
441 933 614 966 annon
646 917 747 964 est?
779 916 844 974 87)
912 915 1054 962 CHR.
1088 915 1241 963 Recte
1271 931 1364 979 ego
1396 914 1586 981 semper

516 984 622 1048 fugi
650 983 743 1032 has
765 982 985 1049 nuptias.

153 1053 302 1105 DAV
334 1055 378 1103 Ο
415 1052 617 1103 facinus
673 1048 1197 1100 animadvertendum!
1222 1053 1285 1111 88)

514 1119 654 1186 Quid
686 1119 951 1169 clamitas?

1373 1051 1485 1097 MY.
1523 1051 1587 1111 ⁸9)

158 1192 309 1240 DAV.
345 1191 510 1256 Quem
539 1191 578 1248 ⁸)
616 1205 708 1254 ego
741 1186 846 1238 vidi
872 1185 981 1235 heri
1008 1189 1073 1248 9⁰)
1103 1183 1168 1234 ad
1201 1203 1293 1236 vos
1325 1184 1490 1235 afferri
1509 1203 1587 1237 ve-

521 1256 674 1322 speri.
661 1259 682 1290 7

9 1352 12 1355 ’
88 1329 270 1382 30MY.
302 1328 346 1376 Ο
371 1323 626 1376 hominem
648 1323 905 1373 audacem.
926 1326 988 1383 9¹)
1055 1324 1204 1371 DAV.
1236 1309 1438 1373 Verum.
1471 1320 1591 1371 Vidi

521 1393 816 1445 cantharam
835 1394 901 1454 9²)
930 1393 1065 1441 hanc

224 1516 290 1565 79)
316 1526 467 1565 expecta
494 1515 638 1551 mentio
693 1515 794 1563 80)’
784 1529 822 1551 m
851 1515 1013 1564 aliquam
1039 1523 1178 1562 partem
1235 1488 1301 1560 81.)
1325 1512 1409 1549 vide
1428 1526 1474 1548 ne
1494 1526 1595 1548 aece-

271 1573 336 1609 das
372 1573 438 1619 82)
461 1573 522 1620 qui
546 1586 603 1607 me
644 1573 716 1624 Υ83)
739 1573 800 1608 die
831 1574 896 1621 84)
922 1573 998 1615 vel;
1023 1575 1049 1608 ἰ.
1073 1586 1103 1609 e.
1136 1572 1272 1615 absque
1293 1574 1596 1618 incer-rogatione

272 1635 333 1675 85)
359 1630 439 1671 vel3
473 1630 539 1676 86)
561 1629 704 1664 domini
726 1630 776 1665 est
820 1631 886 1678 87)
919 1629 1060 1665 domini
1098 1634 1157 1672 83)
1183 1629 1413 1676 puniendum
1431 1628 1595 1663 animad-

271 1699 372 1724 verto
385 1688 408 1722 i.
422 1701 451 1725 e.
463 1687 579 1735 punio
600 1688 665 1733 89)
686 1687 885 1724 irascendo.
902 1689 938 1735 ⁴¹)
957 1689 1015 1724 ed.
1040 1700 1196 1735 quemne
1214 1688 1283 1734 90)
1300 1686 1444 1722 volebat
1461 1686 1597 1732 fingere

273 1759 425 1796 puerum
448 1741 608 1780 delatum
630 1744 699 1779 esse
720 1745 764 1779 ad
785 1744 1064 1793 supponendum
1111 1745 1178 1790 91)
1203 1744 1381 1793 perfidum
1436 1749 1496 1791 92)
1521 1745 1598 1791 yro'-

274 1804 392 1840 nicos.
417 1802 628 1838 cantharam
649 1802 673 1836 i.
696 1801 841 1836 corbem
862 1801 1144 1841 suffarcinatum,
1168 1801 1243 1837 hoc
1263 1802 1323 1842 est,
1352 1801 1516 1838 onustam
1550 1801 1598 1836 de

274 1873 390 1909 puero
427 1860 473 1895 ad
508 1858 786 1908 supponendum
827 1859 997 1906 Glycerio
1041 1859 1224 1900 delatam,

1281 1870 1459 1907 quatenus
1509 1858 1598 1894 dum

276 1917 389 1957 dicit,
422 1916 458 1952 fe
483 1916 658 1967 peperiffe
688 1930 731 1952 ex
758 1916 973 1965 Pamphilo,
1017 1916 1193 1954 Chremes
1222 1916 1379 1964 deneget
1410 1917 1444 1953 ei
1474 1916 1601 1954 Philu-

273 1987 436 2017 menam.

219 2113 279 2137 21.
302 2099 442 2147 ιτα-ΛΥ
441 2099 484 2145 s]
533 2099 683 2148 antique
705 2113 772 2150 pro
793 2114 851 2139 ex-

175 2157 333 2194 eefferio.

223 2227 280 2252 22.
321 2215 393 2250 Dii
422 2225 459 2249 ce
484 2213 590 2249 eradz
584 2215 699 2259 cent]
758 2214 797 2250 h.
821 2227 851 2253 ο.

177 2271 344 2308 funditus
364 2269 530 2318 perdant.
576 2271 730 2306 comica
748 2271 855 2319 phra-

176 2330 222 2367 fis
244 2329 305 2365 est.
326 2341 358 2363 v.
381 2327 421 2362 in
440 2328 571 2363 fleant.
592 2329 657 2364 111.
676 2337 710 2372 3.
730 2338 786 2372 28.

223 2394 282 2433 24.
317 2389 440 2423 cuium
464 2386 642 2431 puerum]
703 2387 856 2435 antiquo

176 2457 279 2481 more
299 2457 365 2492 pro
380 2446 486 2480 cuius
506 2455 524 2477 a
541 2443 655 2482 cuius,
685 2443 777 2482 cuia.
797 2456 858 2478 eu-

178 2505 269 2543 ium.
287 2502 380 2538 infra
392 2503 438 2538 V.
456 2507 490 2547 4.
504 2513 559 2548 29.
583 2501 856 2545 cuiamfiliam.

177 2561 311 2607 virgil.
331 2559 474 2597 echlu.
498 2571 527 2593 ι.
541 2561 663 2595 cuium
682 2571 806 2603 pecus.

227 2631 284 2666 27.
309 2620 432 2660 recte]
480 2616 505 2651 i.
536 2629 568 2653 e.
592 2615 740 2656 merito,
778 2628 856 2650 non

181 2676 257 2712 fine
284 2675 400 2711 causa.
429 2674 523 2710 infra
546 2675 591 2708 V.
617 2680 653 2719 4.
684 2682 741 2717 50.
759 2686 858 2710 recte

183 2735 374 2771 admones.
394 2733 434 2767 in
453 2733 542 2766 Hec.
561 2732 608 2766 V.
632 2737 666 2777 4.
686 2744 742 2768 22.
761 2743 859 2769 recte

184 2792 320 2836 amasti
338 2804 492 2828 uxorem
515 2803 629 2826 cuam.

974 2113 1029 2148 29.
1055 2114 1210 2147 quemne
1224 2115 1295 2148 ego
1306 2096 1387 2135 berz·
1399 2099 1501 2145 vidi]
1526 2110 1605 2134 ora-

927 2159 981 2195 tio
995 2158 1042 2194 fic
1062 2157 1265 2205 explenda:
1285 2168 1373 2192 tune
1392 2156 1484 2193 dicis
1505 2156 1606 2193 hunc

931 2218 1000 2254 esse
1019 2229 1170 2265 puerum
1191 2214 1386 2262 Pamphili,
1409 2228 1516 2262 quem
1537 2227 1607 2260 ego

929 2276 1009 2312 heri
1034 2274 1107 2309 vidi
1129 2273 1174 2307 ad
1195 2285 1257 2308 vos
1277 2272 1437 2309 adferri?
1468 2273 1607 2309 Catuli.

933 2335 1055 2370 Carm.
1076 2331 1188 2366 LXV.
1212 2338 1291 2372 ¹8⁰·
1322 2344 1372 2367 an
1398 2335 1523 2377 patris
1543 2344 1611 2368 au-

933 2394 1072 2429 xilium
1083 2393 1227 2437 sperem
1246 2403 1399 2438 quemne
1421 2391 1502 2435 ipsa
1519 2393 1610 2427 reli-

933 2452 998 2498 qui
1023 2449 1047 2485 i.
1071 2461 1101 2482 e.
1132 2446 1257 2480 eiusne
1277 2458 1435 2493 quemne
1465 2446 1541 2495 ipsa
1558 2460 1612 2483 re-

933 2507 1050 2554 liqui,
1075 2504 1137 2539 ubi
1162 2517 1192 2538 v.
1212 2504 1409 2540 Muretum.

978 2571 1035 2606 30.
1059 2561 1211 2606 verum]
1239 2561 1263 2598 i.
1282 2574 1314 2597 e.
1336 2561 1511 2601 omnino,
1534 2561 1613 2609 pla-

933 2633 1001 2660 ne.
1039 2631 1108 2667 qua
1131 2631 1218 2653 voce
1239 2629 1408 2661 utuntur.
1437 2620 1500 2668 qui
1530 2631 1613 2655 cum

936 2676 1212 2712 confirmatione
1225 2676 1480 2725 respondent.
1471 2691 1510 2713 111
1519 2678 1614 2714 Eun.

935 2736 1119 2779 11·3·55·
