1812 3100
276 147 398 226 ,84γ
713 149 717 152 ⁴
761 131 1185 210 ‚Et'JNUCHUs

269 284 434 332 Miror
466 278 590 349 quid
615 283 676 338 3¹)
710 299 777 331 ex
805 284 951 333 Pireo
986 287 1049 345 32)
1079 285 1283 337 abierit.
1340 290 1473 338 Nam
1501 289 1572 339 ibi
1598 294 1692 341 'cu-2
1786 287 1812 370 ξ

626 350 724 399 [tos
746 355 806 411 33)
841 351 1044 418 publice
1066 359 1150 415 34)
1163 357 1229 404 est
1259 356 1409 405 nunc.
1760 373 1812 408 ε

204 428 256 470 60
270 420 391 469 Non
410 429 596 466 temere
617 417 694 466 est.
716 422 776 478 55)
809 433 858 467 et
879 438 1156 487 properans
1179 424 1326 474 venit.
1367 425 1531 474 nescio
1561 425 1688 492 quid
1795 406 1812 507 Ξ-

629 485 1019 554 circumspectat.

271 613 335 677 (A
349 635 375 663 c
387 636 419 664 τ
435 636 464 663 u
480 636 500 665 s
535 618 587 663 ΙΙ.
645 616 677 664 S
690 634 716 662 c
729 636 752 663 Ε
768 635 799 663 N
815 637 841 663 A
868 619 984 676 ΙΙΙ.)
1023 619 1326 667 CHAEREA.
1361 621 1686 670 PARMENO.

241 767 244 770 ,
273 718 577 765 CHAEREA.
598 712 659 781 3⁵)
715 716 889 765 Occidi
914 720 974 777 37)

272 786 457 852 Neque
478 785 617 848 virgo
645 783 713 832 est
746 801 989 850 usquam,
1037 804 1204 853 neque
1238 805 1330 852 ego
1361 789 1450 855 qui
1485 787 1623 839 illam
1658 806 1686 837 e

633 852 903 917 conspectu
937 852 1069 901 amifi
1091 872 1216 902 meo.

273 918 373 969 Ubi
397 937 661 987 quaeram,
683 923 743 979 38)
777 922 816 977 *)
850 918 1261 986 ubiinvestigem‚
1298 933 1448 988 quem
1480 939 1689 991 percon-

631 1000 726 1043 ter,
759 1000 849 1035 aut
871 1005 1026 1053 quam
1056 988 1264 1036 infistam
1292 990 1439 1047 viam,

274 1059 503 1105 Incertus
525 1055 639 1114 sum.
685 1059 801 1103 Una
830 1053 954 1104 haec
984 1057 1092 1121 spes
1113 1057 1212 1114 est,
1248 1055 1338 1105 ubi
1369 1056 1459 1106 ubi
1487 1057 1568 1117 est,
1602 1055 1690 1107 diu

632 1121 782 1172 celari
812 1140 911 1170 non
943 1125 1113 1189 potest.
1805 1147 1812 1166 ι

231 1192 317 1242 50
345 1190 521 1239 faciem
553 1189 834 1255 pulchram!
889 1190 1047 1239 Deleo
1085 1209 1258 1257 omnes
1293 1189 1471 1242 dehinc
1503 1209 1565 1241 ex
1588 1192 1690 1241 ani

632 1273 714 1305 mo
737 1257 982 1307 mulieres.

276 1324 475 1376 Taedet
496 1324 861 1376 cotidianarum
892 1330 952 1388 39)
992 1326 1171 1375 harum
1204 1326 1489 1376 formarum.
1555 1294 1689 1376 PAR.

631 1397 758 1443 Ecce
779 1408 945 1443 autern
968 1390 1190 1444 alterum.
1210 1397 1274 1456 4⁰)

1800 987 1812 1067 ..m-,m
1796 803 1812 961 „uncam-›2³2‹—
1787 726 1800 768 “¹¹
1788 658 1796 676 '⁹
1791 578 1812 631 '2⁴⁴⁶
1794 543 1812 558 ἢν

335 1506 403 1550 31)
429 1514 469 1539 ut
490 1503 578 1551 quid
625 1507 683 1547 32)
707 1503 829 1539 Pireus
859 1517 991 1538 nomen
1011 1503 1082 1538 loci
1107 1505 1171 1539 ubi
1194 1515 1391 1540 conventus
1413 1514 1488 1540 erat
1506 1503 1689 1543 iuvenum.-

381 1562 450 1597 five
480 1561 524 1595 ad
547 1560 673 1599 ludos,
709 1560 778 1596 five
799 1560 845 1594 ad
868 1560 1083 1609 iudicandas
1108 1562 1229 1597 causas
1250 1562 1305 1597 vel
1327 1562 1435 1597 etiam
1455 1561 1501 1596 ad
1520 1560 1690 1597 commes-

383 1616 557 1654 sationem
620 1621 678 1660 33)
703 1631 895 1665 puerorum
959 1622 1018 1662 34)
1047 1619 1108 1653 alii
1135 1618 1196 1654 sub
1221 1619 1315 1654 ilice.
1383 1621 1485 1655 Haeo
1515 1623 1555 1654 V.
1582 1621 1621 1657 L.
1649 1622 1690 1655 in

384 1677 575 1714 editionib.
599 1690 674 1711 non
696 1687 854 1711 notatur·
895 1676 963 1720 35)
986 1689 1059 1710 non
1078 1676 1151 1710 fine
1173 1676 1275 1711 causa
1293 1675 1344 1711 est
1388 1677 1452 1722 36)
1473 1674 1689 1723 prosequens

350 1759 352 1761 >
386 1731 592 1767 adolescens
614 1731 797 1770 Chaerea,
824 1731 932 1766 frater
950 1733 1169 1773 Phaedriae,
1194 1733 1365 1780 puellam,
1391 1745 1498 1780 quam
1519 1731 1690 1779 parafitus

383 1788 535 1824 Gnatho
561 1788 774 1828 deducebat,
795 1789 948 1823 nimium
969 1789 1087 1829 tristis,
1105 1789 1221 1824 secum
1241 1789 1334 1824 istud
1354 1789 1580 1836 loquebatur,
1607 1802 1690 1823 cum

384 1846 429 1880 ab
448 1846 562 1880 oculis
581 1845 678 1879 iliius
698 1857 836 1880 remota
856 1845 940 1882 effet
987 1852 1044 1892 37)
1072 1848 1163 1894 perii
1210 1850 1274 1893 38)
1298 1847 1418 1881 nescio
1475 1847 1510 1892 ⁴⁸)
1533 1850 1691 1884 interro—

385 1906 571 1951 gationes.
598 1898 690 1950 quas
716 1905 805 1939 edic.
831 1918 977 1950 ponunt
995 1908 1075 1951 post
1103 1918 1162 1951 qu.
1193 1904 1264 1938 inv.
1295 1913 1456 1950 percont.
1484 1905 1578 1938 viam
1599 1908 1692 1951 fizae

384 1962 545 1997 editioni
562 1961 676 2005 abesse
692 1961 795 2008 iuffic
810 1963 929 1998 Bencl.
947 1965 1011 2007 qni
1027 1975 1102 2001 ηρη
1118 1963 1233 1999 aliter
1252 1962 1486 2007 inter-pungffc
1505 1976 1551 1997 ac
1571 1965 1691 2002 codex

386 2019 508 2063 noster
554 2018 619 2062 39)
643 2017 834 2054 mulierum
881 2021 942 2062 4ο)
972 2018 1119 2052 alteram
1146 2016 1286 2052 causam
1305 2017 1526 2054 neutraliter.

324 2126 383 2164 59.
417 2118 536 2161 cuseos
556 2120 724 2165 publice]
779 2120 946 2156 excubias
1129 2120 1236 2154 Aca-z
1259 2120 1306 2154 11.
1353 2118 1492 2153 Scan.
1521 2119 1586 2157 ΙΙΙ.

282 2175 411 2220 agebat
438 2176 475 2209 in
500 2175 625 2211 Piraeo
657 2177 820 2213 adversus
849 2191 949 2226 prae·
1070 2190 1103 2212 2.
1129 2192 1243 2226 neque
1262 2176 1347 2224 ego]
1380 2174 1518 2210 [cilicet
1535 2187 1689 2223 usquam

283 2232 420 2268 donum
452 2233 624 2268 incursus.
659 2247 689 2268 v.
708 2236 806 2272 Don.
836 2230 881 2270 ad
907 2236 946 2270 h.
1023 2233 1112 2269 sum.
1162 2234 1229 2270 ‘Est
1260 2233 1474 2269 einclamatio
1506 2232 1692 2281 desperan-

282 2288 308 2326 l.
338 2300 373 2323 et
401 2300 526 2325 notata
558 2290 604 2324 ad
632 2290 742 2326 Andr.
771 2293 800 2326 Ι.
834 2305 864 2327 1.
891 2297 948 2335 24.
1024 2292 1084 2327 tis.

283 2345 432 2382 Publice
462 2346 511 2381 est
544 2346 691 2394 publica
727 2348 951 2386 auctoritate.
1071 2357 1104 2391 5.
1129 2348 1297 2393 faciem]
1356 2348 1526 2383 Donatus
1560 2347 1693 2394 accipit

283 2402 364 2438 Cic.
386 2405 484 2437 verr.
512 2404 546 2437 ΙΙ
582 2409 638 2448 47.
656 2405 738 2439 [ἡν.
754 2406 817 2440 IV.
838 2406 951 2441 XLII.
1028 2404 1074 2438 de
1092 2415 1170 2439 toto
1190 2405 1351 2451 corporis
1363 2404 1492 2440 habitu
1508 2414 1545 2440 et
1561 2403 1691 2452 specie.

285 2470 317 2495 ι.
338 2467 392 2501 53.
412 2458 475 2494 ubi
494 2472 524 2493 v.
547 2459 710 2494 Gronov.
1025 2461 1143 2497 Plaut.
1172 2462 1267 2497 Afin.
1295 2464 1340 2497 ΙΙ.
1367 2471 1401 2505 3.
1435 2475 1487 2509 19.
1515 2462 1595 2500 Cic.
1627 2474 1691 2508 pro

329 2516 386 2551 60.
413 2531 488 2552 non
508 2529 640 2553 temere
667 2518 740 2564 est]
786 2531 858 2552 non
877 2517 951 2554 fine
1027 2517 1159 2553 Roscio
1181 2518 1357 2553 comoedo
1368 2532 1398 2553 c.
1413 2532 1463 2553 ιο.
1478 2521 1599 2563 faeie-s·
1617 2518 1691 2554 nori

283 2571 380 2616 gtavi
403 2571 518 2607 causa.
575 2573 634 2608 Est
654 2573 796 2618 elegans
818 2574 959 2619 formu·⁴
1026 2586 1118 2612 erat,
1145 2589 1210 2611 ars
1223 2588 1305 2612 erac
1321 2576 1494 2620 pretiosa.
1515 2575 1693 2609 v.Brouk-

282 2627 318 2662 la
354 2638 388 2663 et
418 2629 586 2676 frequens
628 2629 726 2676 apud
767 2630 949 2666 Comicus.
1027 2630 1104 2664 hus.
1125 2631 1170 2665 ad
1188 2634 1345 2678 Propert.
1365 2633 1429 2666 IV.
1449 2638 1483 2674 4.
1504 2639 1561 2665 m.

278 2684 398 2720 vPlaut.
421 2685 540 2728 Aulul.
564 2688 625 2720 IV.
648 2695 681 2728 3.
704 2700 732 2722 ι.
751 2687 874 2723 Heius.
905 2687 951 2722 ad
1072 2689 1104 2722 6.
1131 2689 1435 2737 quotidianarum
1451 2687 1690 2731 formarum]

280 2740 382 2786 virg.
405 2742 494 2777 Aen.
513 2743 577 2779 IX.
597 2751 678 2788 575.
1026 2743 1051 2778 i.
1079 2758 1111 2779 e.
1143 2744 1361 2790 vulgarium,
1408 2757 1499 2792 quae
1527 2743 1692 2792 quotidie⁴
