1812 3100
310 19 331 43 v

276 186 380 235 280
572 184 1399 255 HEAUTONTIMORUMENOS.

283 321 431 366 Erras
454 315 488 365 fi
510 316 561 366 id
581 315 766 376 credis,
795 331 846 367 et
869 337 946 368 me
969 320 1171 386 ignoras
1198 320 1369 372 Clinia.
1390 319 1456 384 49)

283 388 385 450 Ego
406 398 454 433 te
478 403 642 434 meum
660 390 720 446 ⁵⁰)
756 386 847 435 esse
879 386 976 437 dici
1000 390 1234 455 tantil'per
1252 391 1316 452 5¹)
1346 390 1477 448 volo,
1592 434 1595 437 ,

213 460 265 503 55
280 455 411 501 Dum
459 452 600 520 quod
635 466 684 501 te
729 451 937 519 dignum
972 457 1041 504 est
1094 456 1270 516 facies,
1324 458 1404 507 sed
1437 456 1472 507 fi
1509 456 1561 507 id
1595 473 1700 507 non

637 520 775 579 facis,
1272 573 1280 583 ‚
1409 558 1411 561 -
1625 559 1628 561 ,

284 590 387 652 Ego
410 586 548 655 quod
572 605 652 636 me
677 589 727 636 in
752 601 800 636 te
819 587 876 637 fit
895 589 1056 639 facere
1080 590 1282 657 dignum
1307 594 1547 643 invenero
1568 591 1634 654 5²)

206 697 208 700 ,
282 654 441 704 Nulla
468 655 593 705 adeo
618 660 677 716 53)
714 673 775 703 ex
795 673 848 704 re
867 658 991 706 istuc
1019 655 1097 715 fit,
1141 658 1227 706 nifi
1248 678 1308 708 ex
1333 662 1486 710 nimio
1517 663 1633 711 otio.

282 724 385 786 Ego
412 723 538 772 istu-o
558 724 736 773 aetatis
749 725 812 782 54)
846 741 948 772 non
971 727 1127 774 amori
1145 744 1348 791 operam
1371 729 1564 786 dabam,
1798 719 1812 784 ἶ

283 788 453 838 sedin
486 789 792 905 Aliam-&juo
824 790 925 840 abii
955 806 1162 858 propter
1187 797 1502 862 pauperiem,
1545 810 1699 866 atque
1799 790 1812 883 ,Ξ

647 877 661 906 1
702 877 718 905 1
1810 894 1812 901 ·

214 933 266 973 60
282 924 439 974 Simul
478 939 528 975 et
559 923 600 988 *)
651 943 756 1004 ren}
789 924 853 988 55)
911 939 961 975 et
991 925 1200 993 gloriam
1244 930 1394 980 armis
1438 930 1556 981 belli
1593 949 1699 1000 rep·
1801 968 1812 1003 -ί

642 1010 762 1060 pen.
1809 1026 1812 1031 2

286 1056 541 1109 Postremo
576 1060 703 1110 adeo
726 1079 805 1110 res
823 1060 979 1109 rediit.
1003 1059 1066 1123 56)
1102 1062 1503 1122 adulescentulus
1762 1114 1767 1119 ζ
1807 1070 1812 1101 ¹

285 1129 444 1194 Saepe
468 1128 639 1176 eadem
661 1128 725 1190 57)
762 1142 813 1177 et
838 1130 1052 1194 graviter
1073 1130 1348 1191 audiendo,
1382 1135 1544 1183 victus
1565 1134 1644 1184 est.
1796 1142 1806 1157 ’·

287 1193 492 1243 Putavit
524 1214 601 1243 me
628 1210 678 1244 et
709 1210 873 1245 aetate
901 1210 951 1245 et
981 1197 1314 1247 benivolentia

284 1261 405 1310 Plus
432 1264 551 1311 lcire
572 1266 636 1323 58)
672 1279 722 1312 et
742 1266 1004 1330 providere
1023 1270 1085 1324 59)
1115 1284 1135 1313 c
1152 1284 1267 1314 uam
1288 1268 1332 1315 se
1354 1269 1509 1334 ipsum
1534 1266 1633 1318 fibi.

215 1333 336 1380 651-11
357 1328 516 1378 Aliam
543 1331 605 1379 ad
635 1349 800 1396 regern
821 1331 1087 1381 militatum
1111 1285 1237 1381 Albiit
1251 1333 1468 1384 Chreme.
1489 1333 1552 1381 60,

205 1388 208 1400 ¹
282 1397 420 1446 CHR.
465 1398 601 1464 Quid
641 1399 747 1447 ais?
824 1403 979 1449 ΜΕΝ.
1019 1399 1156 1448 Clam
1196 1419 1274 1450 me
1314 1404 1382 1452 est
1428 1404 1698 1471 profectus.

507 1493 509 1495 >
640 1468 832 1516 Menses
855 1481 954 1516 tres
979 1467 1124 1516 abest.
1693 1489 1695 1491 ’

281 1531 669 1596 CHR2Amb061)
694 1535 958 1584 accusandi
979 1548 1029 1583 et
1049 1534 1137 1600 fi*)
1150 1533 1214 1598 62)
1248 1533 1370 1586 illud
1393 1538 1696 1605 incoeptum,

641 1616 808 1650 tamen

280 1668 448 1716 Animi
472 1669 539 1716 est
558 1669 792 1736 pudentis
819 1667 882 1730 63)
912 1668 1100 1735 fignum
1123 1684 1173 1719 et
1202 1689 1304 1720 non
1327 1673 1575 1721 instrenui.
1601 1671 1665 1731 ⁶4)

278 1738 435 1785 ΜΕΝ.
468 1736 563 1785 Ubi
608 1738 828 1803 comperi
862 1754 923 1786 ex
959 1737 1037 1786 his
1063 1741 1125 1801 75)
1186 1741 1275 1810 qui
1312 1739 1465 1809 fuere*
1494 1741 1541 1788 ei
1556 1751 1695 1791 ‹ton-

637 1805 732 1861 scii,

210 1892 264 1932 70
277 1872 499 1919 Domum
526 1883 751 1919 revertor
780 1872 1016 1929 moestus,
1052 1884 1204 1939 atque
1226 1873 1395 1923 animo
1424 1873 1526 1923 fere

339 2004 400 2047 49)
425 2001 610 2048 proprium
637 2015 770 2037 nomen
801 2002 866 2036 filii
930 2003 996 2049 50)
1025 2002 1139 2037 filium
1197 2005 1262 2051 51)
1285 2015 1358 2040 tam
1388 2005 1451 2040 diu
1513 2010 1572 2049 52)
1597 2006 1694 2043 inve-

323 2078 326 2081 >
387 2057 487 2092 niam
509 2070 664 2102 poenam
712 2060 776 2104 53)
805 2063 909 2093 certe'
945 2065 1003 2102 54)
1029 2060 1064 2093 iu
1087 2060 1156 2094 hae
1176 2070 1292 2095 aetate
1309 2072 1370 2096 tua
1427 2063 1463 2109 ⁴²)
1486 2066 1572 2100 edic.
1596 2067 1693 2112 deest

387 2123 422 2148 et
467 2117 528 2156 55)
561 2113 705 2149 divitias
773 2114 838 2160 56)
863 2115 1102 2160 castigationis
1129 2129 1231 2151 meae
1259 2119 1422 2164 pervenit
1452 2125 1454 2136 ⁴
1489 2121 1554 2166 57)
1587 2122 1694 2156 verba

383 2171 448 2214 58)
474 2183 580 2216 quam
602 2170 637 2205 Ie
699 2172 764 2217 59)
798 2185 855 2206 me
884 2172 962 2218 plus
1031 2173 1092 2214 60)
1118 2186 1139 2207 o
1167 2174 1322 2210 Chreme
1384 2177 1444 2217 61)
1469 2186 1507 2211 tu
1536 2188 1570 2212 et
1598 2177 1692 2213 filius

381 2226 412 2266 ⁴)
435 2227 525 2261 edit.
563 2238 598 2262 et
627 2227 653 2262 fi
685 2229 914 2273 improbante
948 2230 1067 2266 Bencl.
1140 2231 1205 2278 62)
1242 2230 1330 2268 licet
1396 2234 1455 2275 63)
1501 2234 1693 2269 verecundi

384 2282 450 2328 64)
476 2283 567 2318 firmi
614 2285 673 2327 65)
699 2297 761 2332 per
781 2284 873 2320 issos.
1589 2293 1595 2297 “

326 2424 381 2459 53.
411 2420 522 2453 Erras
534 2419 575 2462 si
593 2420 637 2454 id
655 2419 797 2463 credis]
823 2418 950 2453 eadem
1072 2421 1128 2456 60.
1154 2422 1267 2466 belli]
1323 2431 1388 2469 pro
1416 2427 1456 2460 ἰη
1481 2425 1578 2461 bello
1607 2436 1692 2459 cou-

280 2472 433 2506 formula
450 2474 548 2519 apud
559 2477 700 2511 Petron.
719 2489 747 2510 c.
769 2482 825 2522 94.
844 2490 951 2512 erras
1026 2476 1170 2512 struitur
1186 2489 1223 2513 ut
1242 2481 1399 2515 militiae
1412 2492 1474 2525 pto
1495 2482 1534 2514 in
1552 2481 1692 2516 milicia

267 2529 309 2574 fi
327 2541 450 2572 putas.
1029 2533 1064 2567 in
1085 2533 1152 2568 Ad.
1179 2536 1241 2569 111.
1257 2542 1292 2579 4.
1311 2541 1368 2583 49.
1387 2549 1419 2571 v.
1438 2536 1624 2570 Draken‘b.
1643 2536 1691 2571 ad

322 2593 379 2627 58.
406 2589 501 2632 iscuc
521 2589 676 2634 aetatis]
725 2601 789 2635 pro
811 2602 890 2624 cum
906 2602 951 2625 ea
1028 2590 1102 2623 Liv.
1122 2591 1150 2624 Ι.
1170 2597 1227 2635 34.

282 2642 387 2684 effi-m
414 2654 550 2680 aetate.
595 2644 656 2678 Sic
682 2643 785 2691 saepe
815 2656 948 2680 veteres
1069 2646 1127 2680 δι.
1158 2648 1252 2684 adeo
1277 2664 1336 2684 res
1363 2651 1502 2696 rediit]
1548 2664 1614 2697 pro
1647 2664 1691 2687 σο

276 2696 460 2741 eleganter
483 2698 693 2745 loquuntur.
722 2701 798 2737 Liv.
826 2701 871 2736 X.
890 2707 948 2746 24.
1022 2716 1083 2738 res
1109 2704 1238 2742 rediit.
1284 2706 1345 2741 Sic
1373 2717 1408 2742 et
1438 2707 1475 2742 in
1495 2706 1640 2746 Phorm.
1657 2709 1689 2744 1.

274 2753 320 2790 id
352 2757 489 2792 aetatis
506 2754 604 2791 ubiv.
623 2756 814 2793 Drakenb.
1021 2770 1054 2795 2.
1074 2766 1109 2802 5.
