1760 3086
185 190 219 244 4

186 318 233 358 in
256 327 309 357 eo
331 314 448 356 libro
463 342 475 363 ,
506 326 637 368 quem
667 313 723 355 de
745 315 897 355 metris
919 311 1088 361 scribit,
1118 310 1211 370 ipso
1240 313 1310 368 ¹¹)
1331 326 1508 368 quoque
1522 315 1595 355 ni·

187 382 430 426 hilominus
455 386 527 437 qui
552 382 623 436 ¹²)
645 385 692 423 in
713 381 925 440 prologis,
943 381 983 423 se
1014 390 1193 438 poetam
1215 390 1361 424 vocat.
1418 379 1592 424 Omnes
1626 392 1630 395 ’

191 452 371 507 quidem
393 455 485 492 eius
519 450 622 491 libri
652 453 928 507 permaxime
959 452 1151 493 iambico
1190 459 1336 492 metro
1376 450 1595 500 constant,

189 522 298 564 licet
315 535 404 562 non
423 518 651 560 uniformi.
709 513 892 575 Prologi
921 534 1028 562 vero
1050 523 1251 561 omnium
1269 519 1491 562 librorum
1510 527 1597 561 ter-

189 575 316 632 nario
348 588 538 628 iambico
578 586 835 630 catalectico
871 587 1101 644 compositi
1132 587 1252 636 sunt,
1297 586 1374 630 sex
1404 588 1621 646 pedibus

189 671 273 714 pro
295 657 442 699 tribus
471 659 755 712 computatis.
814 655 928 697 Nam
950 654 1118 698 diversa
1136 654 1233 696 sunt
1253 670 1427 712 genera
1445 659 1598 701 iambi-

135 764 137 767 .
192 728 234 766 ci
266 727 410 765 metri.
470 724 545 765 Est,
575 728 694 766 enim
727 730 1085 772 monometrum,
1141 724 1260 778 quod
1289 725 1459 768 constat
1489 725 1599 768 duo·
1636 754 1640 759 ·

191 795 277 836 bus
306 796 486 841 iambis,
532 792 594 834 est
626 794 906 840 dimetrum,
932 793 1051 847 quod
1084 800 1296 847 quatuor,
1352 794 1413 836 est
1450 797 1600 842 trime-

191 871 327 913 trum,
356 865 474 917 quod
501 861 599 909 seX,
629 861 701 903 est
725 869 1051 914 tetrametrum,
1080 862 1199 915 quod
1220 862 1336 912 VIII,
1369 861 1601 920 est'penta·

190 927 385 975 metrum
407 932 529 987 quod
554 930 614 979 X,
638 934 699 985 ¹³)
733 930 808 972 sed
835 944 936 971 raro
967 932 1219 978 invenitur,
1253 933 1300 972 in
1332 932 1492 985 quibus
1522 931 1602 976 ista

190 1001 266 1044 lex
286 1000 544 1044 observatur
557 1028 569 1047 ,
597 1008 648 1041 ut
668 1000 839 1057 semper
859 999 948 1040 duo
967 999 1103 1039 iambi
1133 1013 1218 1056 pro
1238 1014 1329 1041 uno
1350 999 1464 1057 pede
1477 1015 1602 1043 icom-

191 1078 436 1127 putentur‚
474 1071 531 1111 ob
557 1068 829 1111 celeritatem
861 1070 1078 1124 temporis
1113 1081 1244 1121 quam
1265 1077 1510 1126 occupant,
1539 1077 1602 1120 te·
1633 1081 1638 1087 ·

194 1138 257 1180 ste
278 1137 467 1179 Horatio
486 1142 530 1180 in
550 1137 670 1179 'libro
690 1140 887 1195 poetriae
911 1137 990 1190 ¹⁴).
1048 1135 1252 1178 Imitatus
1277 1136 1377 1177 est¹
1393 1137 1430 1192 ⁵)
1450 1145 1601 1180 autem

194 1205 438 1255 Naevium,
466 1205 695 1254 Plautum,
720 1206 940 1252 Ennium,
968 1213 1142 1248 veteres
1166 1208 1391 1255 comicos,
1433 1211 1602 1265 praeci-

196 1290 371 1333 pueque
391 1275 690 1318 Menandrum
706 1303 719 1322 ,
747 1278 822 1328 qui
843 1273 977 1330 longe
1002 1265 1104 1315 ante
1124 1272 1264 1330 ipsum
1292 1274 1400 1317 duas
1427 1275 1600 1319 fabulas

198 1343 444 1401 composuit
471 1348 500 1387 i.
530 1344 596 1395 (id
630 1343 708 1397 est)
737 1342 959 1384 Andriam
991 1351 1036 1385 et
1063 1341 1351 1385 Perinthiam.
1393 1343 1519 1404 Quae
1539 1348 1602 1387 iia

200 1412 470 1472 compofitae
491 1413 617 1461 sunt,
647 1421 696 1455 ut
719 1415 792 1467 qui
821 1426 963 1453 unam
974 1413 1171 1454 illarum
1178 1412 1478 1462 intellexerit,
1511 1428 1600 1456 am-

198 1484 278 1526 bas
299 1481 535 1540 intelligat.
604 1480 724 1524 Sunt
753 1483 871 1522 enim
893 1480 1114 1524 dissimiles
1136 1485 1190 1523 in
1219 1481 1367 1530 sensu,
1401 1490 1445 1524 et
1466 1493 1600 1526 mate-

198 1554 290 1599 ria,
333 1550 405 1592 sed
436 1551 713 1592 concordant
747 1554 946 1592 oratione
979 1565 1027 1592 ac
1060 1549 1173 1592 stilo.
1230 1550 1319 1592 Hic
1349 1550 1598 1596 Terentius

199 1619 300 1678 post
320 1619 461 1678 ipsum
485 1621 704 1661 Andriam
726 1619 851 1661 aliam
874 1618 1038 1676 scripsit
1062 1613 1153 1673 ¹⁶),
1188 1622 1234 1661 in
1266 1625 1350 1674 qua
1372 1622 1600 1664 transtulit

201 1688 413 1744 quaedam
445 1703 501 1729 ex
530 1679 757 1730 Perinthia
793 1687 936 1742 illius,
998 1703 1109 1743 quae
1151 1703 1403 1731 convenere
1430 1698 1520 1732 tam
1552 1694 1601 1733 in

194 1755 326 1798 ⁴sensu
346 1771 478 1811 quam
502 1760 550 1798 in
580 1756 699 1803 stilo,
733 1757 991 1812 idcircoque
1023 1761 1217 1814 graviter
1245 1756 1601 1814 reprehendeba-

195 1833 277 1876 ‚tur
299 1826 352 1866 ab
376 1824 576 1866 aemulis.
639 1823 816 1866 Tamen
833 1828 899 1879 ¹⁷>
931 1828 1178 1869 notandum
1209 1831 1330 1869 inter
1349 1826 1511 1870 omnes
1531 1843 1600 1871 co-

156 1922 159 1925 ·
202 1897 361 1942 micos,
386 1882 733 1935 Terentium'ob
760 1892 941 1948 ¹⁸)hoc
971 1897 1345 1953 principalitatem
1369 1897 1600 1954 possidere,

203 1966 410 2019 quoniam
434 1962 507 2017 ¹⁹)
534 1966 855 2019 proprietatem
888 1965 1127 2008 verborum
1154 1980 1260 2023 prae
1289 1968 1498 2009 omnibus
1525 1969 1602 2009 ob·

197 2030 403 2074 servavit.
464 2030 598 2081 xIllud
635 2036 765 2073 etiam
802 2034 1268 2083 animadvertendum,
1312 2032 1394 2077 has
1426 2036 1598 2080 fabulas

203 2114 298 2142 non
320 2101 374 2141 ab
393 2099 485 2157 ipso
507 2099 590 2141 esse
611 2100 820 2143 recitatas
844 2105 889 2143 in
911 2101 1061 2145 senatu
1079 2104 1145 2157 ²⁰)
1167 2104 1241 2144 sed
1262 2117 1285 2144 a
1308 2103 1510 2161 Caliopio
1533 2107 1600 2161 ²¹)

205 2166 437 2210 clarissimo
457 2171 555 2211 viro
584 2168 771 2224 satisque
803 2170 1003 2219 erudito,
1044 2176 1115 2214 cui
1146 2171 1235 2229 ipse
1265 2177 1502 2232 praecipue
1529 2176 1603 2217 ad-

190 2235 438 2291 ⁸haerebat,
469 2241 686 2293 cuiusque
706 2254 791 2297 ope
810 2239 1151 2288 sustentabatur,
1180 2250 1224 2283 et
1243 2246 1508 2285 auctoritate
1531 2258 1603 2286 au-

197 2305 423 2348 diebatur.
507 2306 767 2350 Modulator
813 2317 962 2351 autem
990 2308 1167 2352 ‘harum
1213 2310 1464 2354 fabularum
1514 2313 1601 2356 fuit

251 2463 312 2511 xi)
336 2461 422 2511 ipse.
448 2465 520 2511 fid
538 2466 668 2501 melior
683 2467 734 2511 efi-
755 2470 864 2504 lectio
890 2469 1051 2507 codicis,
1075 2470 1249 2515 suppleto
1279 2468 1380 2506 testo.
1415 2512 1423 2525 ,
1450 2471 1511 2517 η)
1535 2473 1599 2509 de-

293 2526 344 2568 ese
371 2522 433 2569 qui
505 2525 564 2568 13)
604 2525 699 2570 deest
734 2525 830 2573 quod
860 2527 895 2560 X
927 2529 967 2562 in
996 2529 1080 2563 eod.
1097 2530 1219 2573 supra
1247 2530 1386 2565 lineam
1413 2533 1599 2577 scriptum

296 2581 357 2626 14)
380 2580 545 2627 poeticae
595 2582 655 2627 15)
682 2583 857 2619 Imitatur.
918 2586 977 2631 16)
1010 2589 1075 2621 Pro
1097 2584 1426 2637 composuit‘usq'ue
1443 2590 1496 2623 ad
1519 2588 1599 2623 scri-

292 2637 379 2685 pfit,
415 2641 505 2676 edic.
533 2652 679 2676 cantum
701 2640 879 2690 descripsit
929 2645 987 2689 ¹7)
1013 2655 1168 2678 attamen
1227 2645 1287 2689 ιε)
1313 2645 1356 2680 ab
1406 2647 1467 2693 19)
1486 2661 1597 2694 quum

238 2724 240 2726 .
290 2696 378 2789 ῗο)
378 2701 667 2746 fiper-scriptum
691 2699 795 2736 scena
822 2715 913 2751 quae
942 2705 992 2749 esc
1025 2702 1215 2748 verissima
1239 2705 1361 2741 lectio.
1422 2705 1487 2751 21)
1514 2705 1598 2741 Cal-

307 2755 418 2802 iopio.
