1760 3086
240 183 303 230 '28
708 179 715 182 ⁴
775 177 1098 227 -A-NDRIA.

237 318 382 382 Quae
412 311 482 361 ibi
513 307 734 368 aderant,
751 307 814 382 635)
842 311 970 361 forte
993 323 1145 362 unam
1166 309 1349 376 aspicio
1370 303 1651 359 adolescet?

592 378 745 426 tulam
777 377 837 440 54)

238 453 383 498 Form
392 465 430 496 a.

497 448 586 495 SO.
614 443 674 505 55)
698 451 841 496 Bona
861 446 1066 496 fortasse.

1127 420 1190 497 Sl.
1222 449 1284 494 Et
1307 443 1466 503 vultu,
1501 441 1648 502 Solia,

238 516 378 564 Adeo
431 512 673 572 modesto,
738 514 864 564 adeo
921 515 1151 573 venusto,
1183 511 1246 576 66)
1301 528 1361 563 ut
1405 510 1531 561 nihil
1575 511 1678 560 su?

592 600 696 648 pra.
735 580 797 642 67)

239 655 382 717 Quae
401 649 439 708 *)
464 661 572 696 >tum
599 649 719 697 mihi
736 649 1000 698 lamentari
1022 659 1222 715 praeter
1242 660 1465 698 caeteras

166 730 219 782 95
233 719 343 764 Visa
370 716 448 763 est.
516 720 575 764 Et
603 718 725 782 quia
750 730 859 766 erat
877 717 1035 764 forma
1064 731 1264 781 praeter
1289 727 1514 764 caeteras
1564 728 1567 731 ·

234 784 456 833 Honesta
477 801 536 830 ao
557 782 771 841 liberali,
807 782 994 832 accedo
1021 783 1082 830 ad
1105 783 1439 849 pedissequas3

236 855 378 919 Quae
396 849 454 898 fit
473 868 609 915 rogo.
676 854 909 901 Sororem
933 850 1022 898 esse
1046 846 1191 898 aiunt
1209 847 1469 914 Chryfidi‘s.

291 1007 357 1051 63)
379 1004 425 1038 ad
456 1003 576 1039 funus.
631 1005 696 1051 64)
723 1004 931 1051 Glycerium
961 1017 1052 1052 quae
1086 1015 1122 1040 et
1146 1001 1327 1040 Paffibula
1394 999 1462 1047 65)
1501 995 1654 1046 suscepit
1720 1006 1733 1015 ’“

338 1061 484 1097 verbum
511 1061 623 1096 illius.
679 1062 744 1106 66)
776 1061 929 1109 pulchro
995 1063 1059 1109 67)
1093 1062 1157 1096 illa
1187 1059 1370 1108 pulchrius
1395 1055 1438 1092 fit
1490 1055 1527 1102 *)
1551 1056 1652 1097 Edit.

342 1119 438 1167 quia.
486 1121 613 1155 Lectio
644 1120 785 1154 codicis
813 1119 1009 1163 probanda
1033 1121 1202 1158 videtur.
1249 1119 1339 1164 quia
1366 1117 1539 1159 '‘pedu'‘
1567 1112 1654 1161 ‘3⁰5²

338 1190 371 1212 v.
397 1184 455 1223 95.
487 1176 592 1212 habet
624 1176 773 1219 aliquid
799 1174 987 1221 languidi.

279 1403 337 1438 9¹·
361 1390 488 1435 unam]
526 1389 551 1424 i.
571 1402 601 1423 e.
621 1386 816 1436 quandam,
841 1386 904 1422 ali-

236 1460 357 1495 quam.
401 1447 479 1482 Cic.
498 1445 543 1480 de
564 1447 665 1481 Orat.
686 1448 715 1482 1.
734 1459 790 1492 29.
802 1447 903 1491 ficut

233 1521 329 1542 unus
352 1516 462 1550 pater
480 1506 658 1547 familias
682 1503 740 1540 his
764 1506 810 1539 de
846 1518 902 1539 re-

231 1563 300 1598 bus
320 1563 465 1610 loquor.
494 1559 623 1595 Caesar
654 1559 699 1594 de
717 1561 762 1596 Β.
784 1559 830 1595 G.
856 1561 900 1592 V.

231 1624 288 1662 45.
313 1629 394 1653 erat
414 1632 509 1653 unus
537 1621 640 1654 intus
660 1620 823 1653 Nervius
842 1615 904 1650 ubi

231 1686 264 1708 v.
283 1674 516 1722 interpretes;
543 1674 627 1710 add.
640 1676 835 1709 Burmann.
859 1671 904 1706 ad

235 1730 345 1765 Ovid.
371 1731 472 1778 epist.
497 1733 577 1768 XV.
613 1732 687 1766 162.
734 1730 906 1776 Aliquan-

234 1785 282 1821 do
302 1802 396 1824 unus
417 1787 463 1821 ad
484 1787 730 1822 excellentiam
745 1787 905 1824 refertur.

232 1842 398 1890 inprimis
417 1843 579 1890 iunctum
605 1843 839 1889 superlativo,
868 1854 907 1876 ut

234 1899 331 1946 apud
353 1899 482 1944 Virgil.
505 1899 653 1934 Aeneid.
682 1900 727 1933 ΙΙ.
747 1899 824 1942 426.
851 1901 906 1934 iu—

222 1957 409 2003 fizJYimus
428 1972 523 1992 unus
536 1959 600 2003 qui
609 1958 688 1998 fuit
699 1959 739 1991 in
756 1958 905 1991 Teucris

231 2024 267 2048 et
280 2014 585 2059 servanczyfimus
607 2016 717 2062 aequi
734 2026 764 2046 v.
786 2011 903 2048 Bentl.

233 2067 280 2103 ad
307 2070 432 2105 Horat.
455 2071 552 2105 Poet.
582 2082 612 2103 v.
639 2082 694 2116 29.
751 2068 823 2103 Sed
856 2068 905 2103 al-

231 2134 307 2161 tera
333 2125 436 2161 notio
472 2126 560 2181 hnic
594 2126 828 2174 praeferenda
856 2126 905 2160 vi-

233 2180 349 2216 detur.

277 2250 334 2284 92.
347 2239 506 2284 forma]
554 2237 669 2272 forma
708 2236 754 2272 ad
789 2248 907 2273 totum

233 2307 363 2343 corpus
402 2297 578 2344 pertinet,
618 2294 735 2330 vultus
772 2295 817 2328 ad
858 2294 907 2328 fa-

233 2352 340 2388 ciem.
373 2343 376 2347 ⁷

276 2416 335 2455 93.
362 2419 403 2444 ut
422 2407 518 2444 nihil
528 2409 671 2453 supr-a]
699 2406 833 2441 scilicet
847 2406 908 2441 ad-

234 2466 274 2500 di
301 2464 356 2499 vel
382 2463 450 2499 esse
473 2477 579 2511 queat
608 2465 646 2498 in
673 2465 765 2499 Eun.
786 2465 849 2498 111.
874 2476 904 2497 1.

233 2531 290 2568 57.
307 2524 457 2566 facete,
499 2524 644 2568 lepide,
679 2523 782 2557 laute
810 2520 906 2556 nihil

225 2583 363 2626 firpra,
389 2579 429 2613 in
449 2578 515 2613 Ad.
536 2580 580 2614 Π.
600 2586 633 2620 3.
655 2590 707 2612 ιι.
730 2577 826 2614 nibil
841 2591 906 2623 po·

235 2649 272 2673 te
287 2640 408 2683 supra
432 2635 494 2670 ubi
514 2649 546 2669 v.
567 2635 704 2669 Donat.

214 2707 218 2711 ’
280 2702 336 2739 95.
366 2694 574 2739 96.sorma
602 2692 772 2737 honesta]
822 2690 844 2724 i.
873 2703 903 2724 e.

236 2749 408 2798 pulchra,
440 2749 584 2785 venusta
611 2749 648 2783 in
677 2750 769 2786 Eun.
788 2749 849 2783 111.
871 2759 902 2783 2.

981 1399 1038 1423 21.
1067 1389 1126 1422 ica
1152 1399 1207 1421 me
1235 1386 1306 1421 Dii
1331 1395 1457 1420 ament
1481 1382 1651 1430 honestus

979 1445 1041 1487 esc.
1092 1442 1332 1486 Honestius-*in
1355 1439 1434 1476 ead.
1455 1439 1529 1475 fab.
1551 1440 1598 1476 ΙΙ.
1617 1448 1652 1483 3.

979 1500 1035 1542 65.
1079 1499 1278 1545 opponitur
1303 1498 1514 1545 inhonestus
1552 1497 1578 1532 i.
1619 1509 1651 1532 ο.

980 1555 1164 1590 deformis.
1211 1554 1339 1601 Virgil.
1361 1555 1493 1600 Georg.
1511 1555 1557 1589 11.
1570 1561 1651 1601 393.

984 1616 1087 1650 Circe
1106 1623 1217 1658 capue
1233 1614 1310 1659 egit
1325 1610 1525 1658 honestum-
1567 1609 1655 1645 Sue·
1690 1617 1697 1619 ”

981 1682 1059 1706 tou.
1093 1670 1131 1704 in
1160 1668 1284 1703 Tiber.
1306 1681 1336 1702 c.
1354 1669 1413 1710 68.
1431 1671 1542 1713 facie
1567 1679 1652 1704 erac

980 1728 1140 1773 honesta.
1186 1725 1246 1760 Sic
1266 1725 1383 1760 honor·
1402 1738 1467 1771 pro
1485 1724 1653 1770 pulchri-

982 1786 1112 1821 tudine
1138 1781 1267 1827 Virgil.
1286 1780 1438 1816 Aeneid.
1463 1781 1492 1815 Ι.
1511 1788 1592 1826 59¹·
1613 1791 1651 1816 et

979 1845 1100 1878 laetos
1129 1841 1250 1877 oculis
1284 1837 1447 1883 afflarat
1481 1835 1650 1872 honores.

980 1900 1125 1934 Petron.
1161 1896 1200 1931 in
1225 1894 1350 1941 fragm.
1377 1906 1414 1941 p.
1442 1893 1522 1935 363.
1560 1892 1650 1928 edit.

979 1956 1101 1989 Burm.
1128 1964 1232 1990 totus
1271 1951 1341 1987 cibi
1367 1952 1491 1997 servit
1531 1949 1650 1986 honor·

971 2013 1175 2059 formaque
1206 2010 1372 2044 Dearum
1397 2008 1543 2053 Fulges.

1022 2067 1079 2112 96.
1114 2064 1353 2113 pedisequas]
1409 2062 1517 2108 vulgo
1556 2063 1652 2097 male

979 2122 1143 2157 scribitur
1161 2120 1318 2156 sibilanti
1345 2120 1448 2154 litera
1466 2118 1653 2166 duplicata

981 2180 1221 2228 pediſjbquus,
1244 2190 1279 2216 a,
1306 2176 1368 2211 [ed
1410 2177 1448 2210 in
1493 2176 1652 2223 antiquis

983 2235 1230 2271 monumentis
1250 2234 1387 2281 [emper
1410 2232 1573 2268 scribitur
1588 2248 1652 2278 pe-

982 2294 1161 2341 disequus,
1188 2303 1228 2326 ut
1246 2291 1344 2337 apud
1360 2291 1504 2326 Gruter.
1521 2303 1556 2338 p.
1578 2303 1653 2325 no.

982 2350 1048 2383 Nr.
1072 2358 1105 2391 8.
1152 2347 1303 2383 Acce'dit
1320 2348 1512 2383 auctoritas
1531 2357 1653 2395 poeta-

982 2419 1060 2439 rum
1074 2431 1083 2445 ,
1112 2406 1174 2453 qui
1202 2405 1526 2453 antepenultimam
1545 2403 1651 2439 corri-

982 2461 1089 2508 piunt
1108 2475 1140 2496 v.
1163 2461 1316 2496 Phaedr.
1333 2463 1396 2497 IV.
1418 2467 1452 2505 4.
1467 2462 1524 2504 36.
1543 2471 1579 2495 et
1599 2460 1650 2494 ibi

980 2519 1176 2552 Burmann.
1194 2518 1366 2552 Mulieres
1379 2529 1493 2553 autem
1505 2515 1651 2562 griecae

982 2588 1063 2609 curn
1082 2587 1213 2620 magno
1238 2574 1450 2609 ancillarum
1477 2572 1651 2608 comitatu

981 2632 1018 2665 in
1043 2631 1230 2678 publicum
1256 2629 1452 2679 prodibant
1477 2642 1510 2663 v.
1535 2629 1650 2664 Rutil.
1681 2658 1685 2663 ,

980 2690 1072 2732 Lup.
1093 2690 1137 2725 ΙΙ.
1156 2702 1192 2736 p.
1217 2694 1272 2734 74.
1293 2698 1327 2722 et
1354 2698 1445 2733 quae
1473 2686 1524 2721 ibi
1550 2694 1653 2720 nota-

980 2746 1106 2782 vimus.
