1696 3112
219 206 271 245 V!

221 327 423 378 bendus
445 324 537 390 est,
581 324 724 394 quod
755 340 1000 394 perquam
1018 325 1281 378 verifimile
1309 325 1398 390 est,
1443 326 1633 395 Eugra-
1659 350 1664 355 ·
1694 328 1696 370 I

221 419 395 487 phius,
435 420 523 486 qui
551 419 671 466 vixit
699 415 864 466 seculo
893 417 1095 467 decimo
1133 422 1197 480 (v.
1226 417 1401 468 testem
1428 417 1482 467 in
1512 416 1630 468 edit.

223 511 383 559 Zeun.
397 505 572 576 pXX.)
591 509 742 556 vitam
757 506 951 574 scripfit.
986 509 1115 555 Nam
1130 507 1377 575 postrema
1397 507 1544 557 huius
1557 526 1632 557 ar-

224 601 452 668 gumenti
468 597 645 658 verba:
684 598 856 646 verba
871 597 1008 662 sunt
1032 598 1268 665 Caliopz'i
1287 624 1360 636 —
1378 599 1634 664 plaudite

223 706 339 756 pag.
363 709 410 755 7.
431 689 517 737 lin.
537 694 595 744 15
616 714 690 726 --
719 696 778 743 18
811 689 1032 736 Faernus
1055 701 1230 753 aperte
1255 688 1427 737 tribuit
1446 689 1636 755 Eugra-

221 778 346 846 phio
375 782 430 828 in
458 792 580 828 nota
607 778 674 827 ad
703 776 933 839 ultimum
962 777 1154 826 versum
1190 778 1437 839 Andriae,
1479 795 1634 845 quam

221 867 340 935 lege
367 871 421 918 in
460 871 578 920 edit.
609 868 901 919 Bentleiana
931 869 1158 916 Terentii
1191 867 1316 933 Lips.
1349 869 1635 919 MDCCXCI

221 957 397 1022 recusa
418 977 467 1025 p.
492 969 574 1025 95.
626 959 756 1008 Ante
777 957 1124 1018 Petrarcham,
1156 960 1243 1025 qui
1262 960 1381 1008 vixit
1400 957 1634 1018 rec.XIV,

223 1061 480 1098 exaratam
509 1048 605 1099 effe
619 1086 631 1110 ,
673 1061 812 1115 patet
831 1066 893 1098 ex
921 1050 1078 1096 dictis
1102 1051 1205 1097 eius
1229 1049 1367 1115 apud
1385 1046 1633 1100 Westerh.

222 1156 338 1206 pag.
368 1140 592 1188 XXXIV.
621 1138 723 1205 sqq.
757 1139 1041 1205 complures
1077 1142 1316 1199 auctoriS‚
1381 1157 1535 1206 quem
1565 1142 1633 1193 ad
1693 1138 1696 1143 ’

222 1230 517 1285 modernos
539 1228 737 1294 ablegat
757 1241 806 1278 et
822 1228 1170 1291 scholasticos
1189 1247 1366 1277 rerum
1386 1233 1632 1296 ignaros,

224 1335 422 1369 errores
453 1317 742 1385 castigantis.
808 1318 1138 1367 Scholasticus
1169 1336 1289 1368 vero
1322 1320 1532 1370 denotat
1562 1320 1634 1371 vi-

221 1424 336 1459 rum
361 1409 611 1477 dignitatis
647 1406 1029 1469 ecclesiasticae,
1083 1412 1170 1475 qui
1192 1408 1375 1458 scholis
1403 1409 1634 1460 ecclefia-

220 1496 350 1549 sticis
370 1512 604 1566 praeerat
636 1503 699 1562 (v.
719 1499 914 1549 Fabric.
944 1498 1174 1548 biblioth.
1203 1499 1284 1547 lat.
1305 1502 1341 1548 I.
1365 1509 1446 1558 33.
1466 1501 1524 1551 H.
1545 1502 1632 1566 56)

219 1605 326 1657 quo
362 1590 500 1640 sensu
527 1590 830 1657 Caliopius,·
869 1591 1007 1640 cuius
1036 1587 1409 1652 recensionem,
1452 1603 1631 1659 utpote

220 1683 451 1729 omnium
473 1684 715 1748 optimam
734 1681 975 1747 habitam,v
997 1681 1155 1743 scriba
1168 1679 1304 1729 suam
1321 1679 1457 1743 fecit,
1470 1682 1632 1745 scho-

223 1769 435 1834 lasticus
458 1784 667 1821 vocatur
693 1774 746 1819 in
778 1770 882 1820 fine
910 1771 1115 1820 codicis.
1193 1771 1445 1820 Ceterum
1475 1773 1633 1821 dicta

220 1861 525 1912 Petrarchae
554 1860 651 1912 five
678 1864 740 1910 P.
777 1864 1013 1910 Terentii
1038 1863 1168 1909 Vita
1199 1862 1268 1909 de
1297 1862 1545 1925 dictisnD.
1574 1865 1630 1912 F.

222 1953 559 2001 Petrarchae
612 1951 835 2002 desumta
881 1969 944 2000 ex
993 1951 1216 2000 editione
1266 1951 1633 2003 Mediolanenfi

221 2043 663 2108 MCCCCLXXVI
679 2079 691 2102 ,
728 2059 831 2109 quo
852 2044 1062 2090 nomine
1082 2041 1218 2107 apud
1232 2040 1634 2093 Westerhovium

223 2131 258 2180 l.
294 2149 338 2181 c.
373 2133 579 2199 legitur,
634 2145 766 2181 extat
809 2135 960 2181 etiam
993 2134 1049 2180 in
1083 2131 1265 2181 codice
1295 2133 1631 2202 manuscripto

225 2221 636 2283 vindobonensi,
683 2239 836 2289 quem
870 2240 932 2271 ex
960 2222 1235 2271 Lambecio
1266 2220 1412 2271 affert
1436 2224 1630 2274 Fabric.

218 2311 257 2362 l.
281 2330 325 2362 c.
345 2314 382 2362 Ι.
408 2322 488 2371 31.
512 2314 687 2380 ibique
712 2312 917 2362 laudata
941 2324 1234 2378 argumenta
1259 2312 1450 2361 inedita
1473 2318 1633 2364 omni-

221 2421 311 2451 um
342 2404 724 2453 comoediarum
751 2401 950 2452 fortaffe
986 2402 1165 2452 eadem
1198 2400 1307 2451 sunt
1340 2419 1473 2470 quae
1490 2422 1632 2459 nunc

225 2509 289 2543 ex
313 2494 495 2543 codice
522 2491 722 2542 Halenfi
740 2492 1052 2560 protulimus.

359 2585 670 2633 Comoediae
697 2600 804 2632 non
830 2581 1015 2631 disertis
1043 2581 1209 2631 verbis
1243 2582 1436 2632 actibus
1459 2597 1508 2633 et
1528 2582 1631 2635 sce-

220 2675 298 2721 nis
321 2672 503 2724 divisae
520 2674 640 2723 sunt.
705 2675 905 2721 Initium
936 2685 1106 2722 tamen
1131 2689 1296 2721 novae
1317 2672 1496 2723 scenae
1512 2692 1631 2741 pro-

224 2764 297 2814 dit
320 2768 482 2815 maior
501 2765 701 2817 initialis
724 2766 861 2819 vocis
882 2763 1043 2827 litera,
1065 2746 1254 2814 deinde
1275 2762 1498 2830 spatium,
1525 2782 1631 2834 quo
