1812 3100
355 149 454 198 308
660 150 980 200 HEAUTON
984 152 1389 205 TIMORUMEN
1392 156 1484 205 OS.
1633 189 1636 193 ·
1779 0 1812 196 l

1796 192 1812 229 ἑ

359 248 455 330 CH.
490 284 609 331 Non
634 281 742 331 vult
763 298 813 332 te
834 284 953 335 scire
974 283 1020 334 se
1041 283 1261 345 redisse‚*
1265 299 1279 348 )
1313 289 1459 338 etiam
1484 301 1536 339 et
1557 300 1740 343 mum
1756 229 1812 368 l

285 360 340 401 25
356 350 685 434 Conspectum
714 350 895 415 fugitat
931 368 1137 430 propter
1170 370 1443 421 peccatum
1467 362 1529 417 9²)
1580 361 1718 409 Tum
1738 362 1812 428 Ἥ

714 417 811 467 hoc
833 422 898 479 93)
936 420 1076 470 timet
1786 414 1812 498 ’Ξ

355 485 436 533 Ne
457 497 547 532 tua
571 483 759 534 duritia
778 483 863 534 illa
883 488 1094 554 antiqua
1115 491 1262 538 etiam
1289 489 1503 542 adaucta
1526 488 1592 545 fit
1790 482 1812 561 {h

355 554 513 602 MEN.
542 554 675 602 Non
709 567 762 601 tu
798 555 842 601 ei
875 554 1031 603 dixisti
1066 570 1124 605 ut
1152 557 1327 612 essem?
1354 561 1420 619 94)
1496 564 1594 611 CH.
1641 563 1812 663 ΝοΠ-»Ξ

711 624 862 669 MEN.
900 624 1234 685 Quamobrem
1261 624 1498 685 Chreme?

358 687 458 735 CH.
494 687 627 752 Quia
651 689 875 753 pessume
905 689 1073 740 istuc
1061 710 1113 739 m
1145 709 1194 740 te
1225 706 1379 760 atque
1399 696 1462 744 in
1477 683 1627 746 illum
1658 683 1812 779 σου-»Ξ

638 787 643 792 ·
714 755 845 812 sulis,
871 757 936 815 95)

357 820 410 870 Si
431 833 480 869 te
502 833 601 870 tam
630 819 729 870 leni
757 835 805 870 et
826 823 960 872 victo
983 825 1152 873 animo
1175 826 1266 874 esse
1289 828 1583 880 ostenderes.
1809 863 1812 871 ι

284 897 337 940 50
353 890 514 939 ΜΕΝ.
561 891 608 938 N
614 907 681 937 on
701 891 905 956 possum.
927 896 1015 953 95³)
1048 894 1214 942 Satis
1201 911 1299 942 iam
1321 896 1434 946 satis
1458 910 1600 962 pater
1618 897 1796 949 durus
1796 903 1812 943 ἲ

720 957 806 1006 fui.
870 959 965 1006 CH.
997 958 1083 1007 Ah.
1634 992 1638 996 ·

358 1021 640 1074 Vehemens
675 1024 728 1073 in
756 1038 1039 1103 utramque
1071 1044 1164 1094 pal
1167 1040 1267 1077 tem
1297 1025 1360 1093 9⁶)
1401 1030 1696 1082 Menedeme
1724 1049 1789 1083 es

324 1107 327 1109 ·
715 1092 866 1142 nimis

360 1163 467 1208 Aut
486 1157 716 1225 largitate
741 1161 895 1209 nimia
917 1175 1006 1209 aut
1034 1160 1344 1228 parsimonia.
1372 1168 1437 1227 97)

357 1229 418 1274 In
439 1226 645 1287 eandem
669 1227 891 1277 fraudem
906 1246 975 1277 ex
997 1228 1091 1278 hac
1114 1248 1167 1279 re
1189 1248 1341 1298 atque
1359 1251 1420 1283 ex
1454 1233 1540 1283 illa
1571 1233 1783 1285 incides

359 1284 582 1342 Primum
604 1293 718 1342 olim
743 1296 915 1361 potius
939 1313 1095 1363 quam
1112 1312 1337 1364 paterere
1365 1305 1427 1362 98)
1461 1301 1620 1350 filium

290 1368 347 1413 35
363 1364 653 1411 Commeaie
670 1370 730 1424 99)
767 1363 831 1411 ad
849 1362 1192 1413 mulierculam
1221 1385 1352 1433 quae
1371 1367 1582 1435 paululo
1610 1373 1646 1430 ¹)

362 1431 502 1478 Tum
526 1443 634 1479 erat
654 1445 913 1490 contenta,
955 1433 1142 1499 cuique
1168 1436 1208 1494 2>
1243 1450 1387 1485 eraut
1404 1450 1546 1503 grata
1564 1438 1749 1497 omnia,

1722 781 1812 822 >12

1800 829 1812 843 ..⁴

420 1584 455 1631 ’)
477 1585 572 1622 edit.
594 1587 753 1635 (lifting.
774 1590 857 1634 post
884 1586 991 1621 etiam
1038 1591 1097 1633 92)
1125 1588 1268 1637 culpam
1290 1590 1374 1639 quia
1391 1601 1428 1627 te
1446 1591 1594 1639 reliquit
1638 1592 1675 1637 ⁴¹)
1689 1593 1780 1629 edit.

466 1645 587 1679 omitt.
614 1653 689 1678 tum
737 1645 802 1689 93)
823 1642 957 1679 deinde
1001 1646 1067 1691 94)
1088 1647 1273 1692 quomodo
1293 1662 1349 1683 me
1370 1647 1567 1694 affligerem
1613 1650 1679 1696 95)
1701 1663 1782 1696 pro-

467 1699 570 1734 vides
625 1709 670 1745 95
683 1704 716 1741 a)
751 1700 854 1735 aliter
891 1700 1007 1735 facere
1076 1704 1141 1748 96)
1162 1703 1206 1738 ad
1238 1705 1326 1738 iram
1355 1715 1390 1739 et
1417 1706 1462 1738 ad
1498 1706 1780 1742 misericordiam

465 1757 536 1803 97)
556 1756 759 1801 frugalitate
779 1758 892 1792 nimia
928 1758 994 1804 98)
1018 1759 1188 1804 patereris
1233 1761 1298 1806 99)
1325 1759 1474 1796 transire
1505 1761 1543 1808 ι)
1559 1774 1669 1810 parvo
1689 1764 1782 1799 lum-

467 1823 549 1860 ptu.
575 1813 618 1859 2)
639 1823 674 1849 et
695 1814 766 1849 cui.
787 1814 842 1849 illi
860 1814 1104 1851 mulierculae.

407 1942 464 1979 25.
490 1939 718 1984 conspectum
742 1948 844 1974 tuum
861 1939 1033 1987 fugitat]
1110 1940 1149 1974 in
1167 1938 1276 1974 Andr.
1287 1940 1333 1973 V.
1351 1943 1387 1983 4.
1407 1947 1440 1980 8.
1459 1943 1500 1977 ἰη
1509 1940 1687 1983 fraudem
1704 1944 1783 1980 illi-

360 2003 429 2040 pro
457 2005 500 2027 eo
528 1990 625 2028 Plio.
661 1993 699 2028 in
733 2005 888 2040 paregyr.
917 2007 950 2030 c.
978 2007 1034 2030 22.
1110 2000 1177 2033 cis.
1203 2009 1235 2030 v.
1263 1994 1462 2043 Schulting.
1501 1998 1546 2032 ad
1574 1999 1659 2034 Seu.
1694 2013 1780 2036 con·
1808 2047 1811 2050 Ι

361 2047 455 2084 dicit
481 2049 535 2085 ad
569 2051 796 2096 conspectum
829 2053 888 2087 tui
913 2050 975 2085 ubi
1002 2064 1033 2085 v.
1110 2063 1199 2089 trov.
1218 2054 1251 2087 I
1266 2066 1303 2100 p.
1330 2065 1403 2087 102.

361 2102 547 2145 Schwarz.
1130 2118 1212 2165 35.
1234 2123 1432 2147 commeare
1445 2111 1498 2146 ad
1511 2114 1778 2157 mulierculam]
1810 2122 1812 2155 j

410 2174 466 2207 27.
495 2172 537 2198 ut
555 2162 690 2206 .el7em]
738 2163 763 2198 i.
795 2176 824 2198 e.
850 2162 965 2211 qualis
988 2163 1036 2199 es·
1111 2166 1136 2205 i
1158 2179 1187 2201 e
1208 2164 1312 2215 saepe
1340 2167 1391 2200 ire
1411 2166 1522 2208 domo
1544 2178 1577 2202 et
1597 2168 1712 2210 redite
1732 2168 1812 2205 ad

361 2216 452 2254 [em.
489 2217 605 2255 Plaut.
638 2218 676 2253 in
721 2218 812 2265 prol.
855 2219 1034 2267 Amphitr.
1112 2223 1254 2258 illam.
1245 2236 1285 2257 m
1302 2224 1391 2258 Hec.
1413 2223 1440 2262 Ι.
1461 2236 1494 2258 2.
1515 2236 1592 2259 100.
1615 2224 1674 2262 hic
1688 2239 1778 2262 raro

361 2286 397 2309 v.
425 2281 500 2319 ¹04·
525 2288 601 2311 tvos
630 2278 773 2323 novisse
797 2278 906 2314 eredo
925 2289 966 2314 ut
983 2278 1034 2322 lic
1103 2277 1293 2317 'in‘urbem
1312 2292 1502 2316 commeat.
1523 2281 1686 2317 Laetam.
1714 2282 1807 2325 111..

362 2344 473 2378 pater
494 2347 607 2370 meus.
1114 2346 1166 2379 ¹5·
1198 2352 1268 2386 quo
1303 2340 1426 2373 animo
1462 2331 1697 2384 philqsbplrus
1723 2338 1780 2373 ad

409 2399 467 2435 29.
494 2392 598 2425 victo
626 2393 774 2434 animo]
824 2392 937 2427 victus
961 2392 1057 2435 ani-·
1110 2397 1336 2431 meretricem
1357 2394 1648 2439 famofiffimam
1679 2407 1776 2430 com-

362 2442 444 2480 mui
483 2444 617 2481 dicitur
644 2448 705 2493 qui
733 2447 842 2494 facile
875 2447 1033 2487 labascit,
1110 2463 1259 2488 mearet.
1278 2450 1398 2488 Bentl.
1419 2450 1464 2484 ad
1483 2449 1522 2484 h.
1541 2450 1566 2483 1.
1587 2459 1622 2484 et
1641 2449 1686 2483 nd
1702 2451 1783 2486 Hm.

362 2500 472 2537 facile
493 2501 537 2536 de
555 2502 737 2550 proposito
750 2503 897 2539 recedit.
919 2505 1034 2551 Supra
1108 2518 1174 2541 rat.
1195 2507 1307 2542 Serm.
1336 2509 1381 2542 11.
1401 2515 1435 2550 5.
1454 2517 1507 2551 79,
1538 2517 1582 2540 ex
1602 2506 1706 2540 metri
1722 2518 1786 2548 ηρ,

362 2558 392 2596 1.
417 2570 446 2595 1.
464 2560 521 2594 62.
549 2563 727 2608 graviter
755 2562 942 2598 audiendo
971 2565 1032 2598 vi—
1108 2563 1271 2605 tionibus
1300 2563 1444 2611 reponit
1475 2562 1776 2609 frequentativum

362 2626 446 2650 ctus
473 2618 535 2662 esc.
556 2616 655 2662 Virg.
684 2619 772 2653 Aen.
797 2620 843 2653 11.
864 2621 944 2665 699.
969 2618 1030 2652 ubi
1108 2632 1338 2657 commetat-e.
1360 2619 1554 2664 vulgatum
1577 2629 1672 2654 tenet
1688 2620 1784 2656 Bur«-

361 2681 399 2711 5.
419 2670 515 2709 Serv.
1106 2687 1230 2711 mann.
1258 2675 1304 2712 ad
1319 2676 1468 2716 Sueten.
1489 2675 1620 2712 Claud.
1641 2689 1671 2714 c.
1694 2684 1747 2720 ¹8.
1776 2726 1779 2729 .

405 2734 465 2771 53·
496 2729 696 2772 fraudem]
744 2729 769 2764 i.
793 2742 823 2764 e.
854 2728 1029 2806 pannum
