1760 3086
481 305 770 355 INCIPIT
820 305 1260 362 PROLOGUS.

167 397 324 443 Poeta
361 411 519 461 quum
560 395 778 460 primum
815 396 1043 447 animum
1070 397 1118 456 ¹)
1159 393 1227 444 ad
1264 390 1579 444 scribendum

524 479 622 528 app
627 461 722 511 ulit
743 465 783 521 2)

163 526 217 576 Id
255 525 341 575 fibi
372 530 558 593 negotii
594 529 808 579 credidit
841 528 998 581 solum
1028 528 1159 589 dari,

233 616 272 660 1)
303 613 438 649 scilicet
457 613 559 649 [uum
604 616 647 662 2)
674 616 805 653 attulit.

276 702 642 761 RUHNKENII
654 683 955 749 DICTATA
983 704 1049 746 IN
1085 699 1475 748 TERENTIUM.

215 769 351 805 Fabula
375 769 579 807 inscribitur
598 773 745 808 Andria.

219 826 376 862 Andriae
409 841 545 863 nornen
570 828 660 864 huic
698 841 841 864 comoe-

174 882 256 917 diae
274 883 431 919 inditum
454 885 503 921 est
525 898 544 920 a
570 885 691 933 puella
711 885 843 932 Glyce-

173 939 227 974 rio
250 940 357 975 ,cuius
393 941 431 975 in
462 941 532 977 hac
556 942 680 978 fabula
706 942 843 990 praeci-

174 1002 267 1041 p'uae
288 1007 405 1043 partes
426 996 517 1034 [unt.
550 999 638 1035 Vid.
665 1000 842 1047 stephan.

176 1053 367 1102 Byzantia.
396 1067 428 1088 v.
456 1051 597 1106 ανδρος.

226 1114 334 1158 Acm]
385 1115 495 1159 Agere
515 1115 745 1151 comoediam
765 1128 847 1164 pro·

177 1171 256 1219 prie
274 1170 443 1205 dicuntur
460 1169 663 1211 histriones.
683 1172 745 1220 qui
767 1184 847 1206 eam

178 1228 218 1262 in
236 1226 339 1262 [cena
360 1226 552 1267 exhibent,
581 1227 717 1262 deinde
737 1228 847 1262 etiam

179 1294 317 1319 actores
342 1294 515 1318 vocantur
546 1283 585 1318 in
614 1284 708 1331 prol.
731 1285 849 1318 Heau-

178 1351 261 1377 tont
278 1354 310 1377 v.
333 1348 366 1384 5.
393 1340 503 1377 hodie
512 1345 597 1387 sum
616 1355 770 1380 acturus
788 1341 847 1377 he-

180 1401 570 1435 autentimorumenon
598 1411 629 1432 v.
659 1398 849 1435 Drakenb.

182 1454 230 1488 ad
246 1454 324 1488 Liv.
352 1455 447 1500 Epit.
469 1456 510 1488 L.
533 1464 568 1488 et
592 1455 687 1489 LVI.

230 1511 348 1546 Ludis
366 1511 659 1557 megalensibus]
711 1510 756 1545 Hi
771 1509 851 1544 ludi

182 1567 336 1602 instituti
365 1567 445 1602 sunt
476 1566 514 1600 in
539 1566 715 1601 honorem
739 1566 853 1612 Cybe-

183 1624 259 1662 les,
287 1635 378 1670 quae
404 1634 528 1668 graece
557 1623 702 1669 μεγαλη
731 1635 852 1673 (am->12

184 1678 298 1713 latine
361 1679 443 1712 Dea
486 1690 617 1723 magua
657 1678 852 1713 vocabatur

182 1746 216 1768 v
240 1733 348 1769 Ovid
371 1725 685 1780 Fastor.1V.193.
718 1747 738 1768 a
763 1748 852 1770 voce

184 1792 330 1838 μεγαλη
363 1790 557 1825 formatum
590 1791 638 1826 eIt
671 1794 852 1838 μεγαλεν·

186 1861 253 1883 σια
278 1846 333 1880 vel
357 1847 569 1891 μεγαλεσιοι
598 1858 637 1882 ut
653 1848 853 1894 promiscue

185 1903 290 1938 scribi
314 1902 420 1936 docet
442 1903 627 1938 Dukerius
650 1903 694 1937 ad
712 1903 854 1938 Livium

184 1961 352 1995 XXXIV.
376 1966 431 2005 54.
459 1958 596 2005 [emper
615 1970 734 1994 autem
758 1958 854 1994 Lati-

189 2016 229 2050 ni
250 2015 395 2054 dicunt,
429 2018 524 2052 Ludi
543 2016 786 2064 Megalensia,
815 2025 857 2050 ut
881 2062 884 2066 ἡ

190 2073 288 2108 Ludi
323 2073 524 2120 Olympia,
567 2075 665 2109 Ludi
696 2072 854 2121 Pythia.

188 2130 290 2164 Ludi
332 2130 522 2168 Cerealia,
566 2141 755 2176 nunquam
799 2127 854 2162 vel

187 2195 284 2219 certe
312 2183 483 2219 rarissime
530 2185 625 2220 Ludi
657 2185 858 2232 Megalien·

189 2241 241 2277 [es
263 2255 293 2276 v.
313 2235 553 2288 Quinctili'an.
572 2244 599 2276 Ι.
620 2251 652 2284 5.
668 2250 724 2285 32.

235 2300 386 2335 aedilib.
417 2297 632 2343 intralibus]
691 2297 737 2332 ad
762 2297 859 2333 aedi-

192 2356 323 2390 dilium
351 2368 470 2389 curam
501 2358 609 2391 etiam
640 2355 719 2390 ludi
746 2354 860 2390 Iolen-

190 2425 255 2447 nes
277 2412 513 2458 pertinebant.
564 2411 705 2447 Scenici
727 2410 806 2446 ludi
832 2410 860 2446 fi

196 2468 328 2504 edendi
371 2468 502 2509 essent,
549 2470 682 2505 aediles
717 2469 859 2504 fabulas

198 2526 366 2569 emebant
387 2539 406 2560 a
435 2527 552 2573 poetis
575 2540 606 2561 v.
631 2526 722 2574 prol.
745 2527 864 2560 Eunu—

141 2626 145 2630 ·
201 2584 262 2619 chi
280 2596 310 2617 v.
331 2596 384 2618 20.
449 2585 490 2618 In
516 2583 623 2617 huius
654 2593 688 2617 et
718 2581 864 2630 [equen-

199 2640 291 2676 tium
320 2639 520 2674 fabularum
555 2637 759 2673 didascaliis
787 2638 866 2673 bini

204 2696 340 2733 aediles
369 2696 476 2732 ludos
507 2694 656 2731 edidisse
687 2695 867 2732 dicuntur.

914 771 1045 808 Caesar
1076 781 1119 810 et,
1145 770 1337 819 separatim
1356 783 1392 807 et
1409 785 1492 807 cum
1511 771 1585 806 col·
1631 805 1635 809 .

916 829 997 875 lega
1025 827 1161 867 edidit,
1197 838 1239 863 ut
1273 838 1398 864 auctor
1424 828 1476 877 est
1499 828 1588 865 Sue-

917 896 995 922 ton.
1017 884 1055 919 in
1076 884 1152 919 eius
1176 883 1249 919 vita
1268 897 1304 920 c.
1328 897 1384 920 10.
1518 879 1534 883 ”

965 944 1096 978 modos
1118 943 1236 987 fecit]
1283 942 1323 977 h.
1345 955 1377 977 e.
1395 941 1492 988 leges
1511 953 1590 977 mu·

919 1000 1007 1037 ficas
1038 998 1282 1047 praeseripfit‚
1333 1011 1422 1046 quas
1452 997 1590 1034 tibicen

923 1059 960 1093 in
990 1056 1193 1096 cantando.
1249 1065 1348 1090 actor
1376 1055 1416 1090 in
1446 1054 1589 1100 agendo

925 1112 1142 1152 observaret,
1170 1124 1274 1160 quae.
1301 1111 1426 1158 quales
1444 1108 1596 1152 fuerint,
1620 1133 1632 1144 .

926 1170 1083 1218 explicat
1128 1168 1273 1204 illustris
1315 1167 1502 1204 Bentleius
1549 1169 1590 1204 iu

923 1226 1139 1262 schediasm.
1154 1226 1198 1261 de
1210 1225 1331 1260 metris
1343 1226 1590 1261 Terentianis.
1615 1246 1617 1248 ν

924 1284 1030 1319 Modi
1042 1283 1187 1330 proprie
1199 1281 1367 1316 dicuntur
1379 1281 1417 1316 in
1428 1282 1590 1319 Muficin.

927 1342 1007 1376 Cic.
1036 1339 1081 1374 de
1111 1340 1213 1375 Orat.
1235 1339 1298 1372 111.
1319 1338 1375 1372 26.
1412 1352 1526 1388 neque
1550 1341 1594 1376 1⁴11

926 1411 1070 1434 actores
1087 1398 1195 1445 prius,
1212 1396 1392 1431 viderunt
1404 1409 1512 1443 quam
1531 1397 1596 1433 illi

927 1458 991 1504 qui
1002 1456 1176 1499 fecerunt
1195 1453 1335 1487 modos.
1362 1452 1473 1487 Tusc.
1489 1465 1597 1500 quae-

927 1511 1007 1547 stio.
1020 1512 1115 1553 144.
1127 1509 1240 1554 pressi
1246 1520 1287 1544 ec
1290 1509 1440 1554 flebiles
1453 1511 1570 1547 modi.

974 1569 1078 1604 tibiis
1105 1567 1259 1611 paribus
1286 1567 1413 1602 dextr.
1440 1579 1475 1602 ec
1490 1566 1594 1612 fitz-J

930 1624 975 1659 de
998 1624 1054 1658 his
1075 1622 1176 1657 tibiis
1198 1622 1303 1658 multi
1320 1623 1434 1658 multa
1453 1622 1596 1671 scripse·-

927 1691 1023 1718 runt.
1069 1679 1229 1724 Scaliger
1248 1680 1350 1714 cuius
1372 1691 1459 1714 nota
1479 1679 1597 1726 perdi-

929 1748 965 1773 ta
987 1737 1058 1775 est,
1088 1736 1126 1770 in
1155 1735 1304 1771 Anthol.
1334 1738 1413 1771 Lat.
1435 1738 1481 1771 Τ.
1503 1738 1531 1776 Ι,
1558 1750 1595 1783 p.

934 1802 1008 1835 ¹83·
1029 1793 1102 1840 [qq.
1128 1791 1278 1830 fatetur,
1313 1790 1347 1826 se
1372 1792 1465 1827 nihil
1486 1793 1599 1827 incer·
1645 1829 1650 1832 ,

930 1850 1000 1885 tius
1028 1847 1168 1894 legisse,
1206 1861 1314 1895 quam
1344 1862 1436 1897 quae
1467 1848 1512 1884 de
1538 1849 1596 1886 his

930 1905 1030 1941 tibiis
1060 1904 1258 1939 tradantur.

977 1973 1059 1997 tota
1084 1962 1243 2007 graeca]
1306 1960 1344 1996 h.
1373 1975 1405 1996 e.
1435 1963 1597 2010 quamvis

931 2018 1054 2052 fabula
1084 2017 1214 2063 scripta
1240 2016 1283 2052 fit
1310 2017 1443 2058 latine,
1477 2030 1600 2055 tamen

933 2072 1098 2121 expreffit
1118 2086 1235 2109 mores
1261 2074 1496 2110 Graecorum.

1124 2171 1412 2211 PROLOGUS}

979 2255 1011 2277 v.
1035 2255 1064 2276 1.
1111 2245 1274 2278 animum
1298 2245 1351 2279 ad
1366 2245 1601 2290 sbribendum

934 2299 1106 2351 appulit]
1154 2299 1192 2333 h.
1223 2311 1253 2334 e.
1279 2296 1459 2335 scribendi
1492 2302 1606 2338 coufi-

934 2355 1025 2390 lium
1047 2355 1143 2401 cepit
1172 2354 1209 2388 in
1231 2354 1342 2391 Andr.
1370 2359 1448 2392 Act.
1474 2359 1520 2393 11.
1544 2362 1604 2394 Sc.

935 2413 970 2447 6.
988 2425 1018 2447 ν.
1043 2421 1094 2455 ¹5·
1118 2415 1281 2448 animum
1301 2414 1352 2448 ad
1371 2424 1525 2450 uxorem
1543 2429 1607 2460 ap-

937 2470 1048 2514 pulit.
1086 2468 1137 2502 ibi
1167 2468 1257 2503 dicit
1280 2470 1440 2504 animum
1471 2469 1516 2504 ad
1544 2471 1609 2505 ali-

940 2523 1029 2572 quid
1051 2523 1267 2569 adiungere,
1296 2525 1489 2573 adplicare,
1517 2527 1609 2562 adii-

942 2594 1042 2620 cere,
1072 2580 1263 2615 adducere.

987 2651 1020 2672 2.
1045 2641 1088 2674 id
1107 2639 1187 2683 sthi
1218 2637 1386 2684 negocii]
1443 2637 1482 2672 h.
1510 2653 1541 2675 e.
1569 2639 1609 2674 id

942 2693 1056 2730 solum
1098 2694 1165 2742 ipfi
1204 2693 1403 2730 curandum
1443 2695 1609 2738 credidit,
