1812 3100
581 169 622 215 A
636 182 664 212 c
677 184 723 213 τ.
768 165 841 214 IV:

919 165 1094 215 Sem.
1129 168 1180 214 11.
1494 184 1586 214 221

167 295 392 351 Peiorem
418 297 626 368 pertem.
652 283 759 362 ΒΜ)
783 299 908 369 quid
938 318 1067 367 opus
1098 300 1168 350 est
1197 298 1401 351 verbis?
1451 302 1594 350 Dum

26 421 51 441 μ
340 404 342 406 ψ
523 367 652 419 haec
681 383 878 438 reputo,
908 370 948 430 *)
990 400 995 405 ·

123 436 403 487 5Praeterii
444 435 740 503 imprudens
771 435 833 501 63)
881 436 1075 495 villam,
1130 435 1278 503 longe
1317 438 1417 486 iam
1461 434 1594 486 abie-

521 522 628 553 ram
641 544 652 564 ,

171 563 296 621 Cum
320 569 450 621 senii.
517 573 686 623 Redeo
709 574 914 624 rursum.
982 571 1118 622 Male
1140 591 1261 623 vero
1285 591 1363 622 me
1383 571 1592 632 hahens,

165 639 268 690 Ubi
293 639 356 689 ad
384 641 543 706 ipsum
565 644 680 692 veni
704 640 1058 692 diverticulum
1079 640 1141 700 64)
1177 642 1387 690 constiti.

166 710 391 777 Occoepi
410 708 472 772 ⁶5)
506 728 706 760 mecum
737 711 971 777 cogitare.
1005 708 1134 759 hem.
1183 711 1402 758 Biduum
1424 709 1507 758 hic
1530 705 1593 770 ⁶⁵)

161 777 478 828 Manendum
518 780 588 828 est
629 779 719 828 soli
753 777 853 828 fine
882 778 981 827 illa.
1009 776 1070 840 67)

525 848 626 896 stea
646 851 683 906 *)

1139 779 1275 846 Quid
1305 781 1451 827 tum?
1502 781 1593 828 Po·

97 934 145 963 ιο
159 913 302 964 Nihil
318 915 398 963 est.
433 914 559 982 quid
584 915 742 964 nihil?
805 915 980 966 Sinon
1001 912 1239 980 tangendi
1264 915 1413 975 copia
1446 913 1525 972 est,

163 980 297 1041 Eho,
356 1000 422 1031 ne
481 983 680 1033 videndi
738 984 945 1053 quidem
999 985 1126 1032 erit?
1201 983 1254 1033 Si
1303 981 1432 1031 illud
1487 1000 1594 1031 non

153 1084 158 1089 -
522 1050 642 1101 licet

165 1116 350 1175 Saltem
371 1115 471 1167 boc
489 1091 674 1169 licebiiz

744 1123 886 1168 Certe
905 1131 1128 1169 extrema
1147 1116 1192 1162 67
1202 1121 1239 1179 ὃ)
1269 1117 1403 1167 linea

167 1187 381 1246 Amoris,
415 1185 478 1249 ⁶8)
533 1188 669 1237 haud
702 1186 827 1244 nihil
861 1186 923 1252 69)
957 1191 1039 1238 est.
1117 1186 1298 1239 Villam
1327 1200 1591 1255 praetereo

525 1257 683 1307 sciens

224 1399 270 1436 62
283 1403 318 1440 a)
338 1400 498 1446 cogitare
538 1402 568 1443 ⁴¹)
592 1403 682 1439 edic.
702 1414 792 1451 puto
851 1402 917 1449 63)
939 1401 1072 1438 inscius
1130 1402 1196 1448 64)
1226 1401 1283 1437 vel
1314 1399 1587 1437 deverticulum.

269 1456 502 1493 diversorium
531 1472 651 1495 meum
706 1461 770 1503 65)
797 1460 903 1508 coepi
967 1461 1026 1501 66)
1052 1461 1092 1495 in
1123 1459 1235 1495 domo
1264 1471 1346 1494 mea
1391 1460 1451 1504 67)
1476 1459 1590 1494 Thai-

273 1514 319 1550 de
342 1515 372 1556 ⁴¹)
391 1518 479 1553 edic.
500 1520 610 1562 ponit
630 1518 781 1564 signum
801 1522 1116 1565 interrogationis
1126 1521 1212 1566 post
1238 1516 1362 1564 postea
1407 1518 1452 1564 67
1465 1519 1500 1559 a)
1524 1517 1590 1552 mi-

270 1571 372 1608 nima
417 1575 477 1616 68)
503 1573 558 1609 vel
575 1586 707 1613 amare.
737 1576 761 1610 i.
790 1590 821 1610 e.
855 1576 975 1611 videre
1020 1577 1086 1624 69)
1113 1574 1256 1624 ahquid
1275 1574 1338 1612 est.
1462 1568 1465 1572 7

165 1747 265 1782 incer
295 1747 514 1786 tumultum,
550 1750 650 1784 inter
676 1761 840 1790 coenam,

162 1803 264 1838 incer·
285 1805 435 1848 poeula.
468 1803 603 1839 Sueton
636 1805 673 1840 in
695 1805 838 1840 Domit.

165 1870 197 1893 c.
227 1864 262 1903 4.
289 1862 389 1896 inter
411 1864 632 1907 spectacula
660 1866 837 1899 muner-is.

163 1929 195 1952 v.
226 1917 389 1953 Gronov.
417 1919 589 1955 observat.
616 1921 681 1955 IV.
717 1933 772 1956 20.
803 1931 839 1956 et

162 1974 302 2010 Duker.
328 1975 374 2010 ad
394 1976 487 2011 Flor.
505 1978 568 2011 111.
591 1990 646 2012 21.
671 1991 707 2025 p.
730 1979 812 2024 690.

209 2037 245 2077 4.
270 2033 389 2082 puto]
438 2033 474 2069 b.
497 2048 526 2071 e.
549 2035 754 2074 confidero',
781 2049 841 2070 co-

163 2089 254 2135 gito.
275 2089 392 2125 Plaut.
422 2091 460 2125 in
485 2092 615 2128 Canna
635 2094 696 2128 111.
726 2105 758 2128 2.
782 2102 839 2137 25.

164 2161 245 2182 cum
266 2161 350 2185 eam
373 2163 512 2186 mecum
530 2152 713 2186 rationem
730 2163 837 2197 puto.

125 2243 133 2250 θ
161 2203 294 2251 virgil.
323 2207 413 2240 Aen.
436 2206 498 2241 VI.
522 2215 602 2250 332.
632 2212 750 2245 multa
769 2225 839 2255 pu·

164 2274 263 2299 tans.
290 2261 354 2298 ubi
381 2276 412 2298 ν.
440 2264 538 2299 Serv·
566 2266 605 2299 in
632 2265 700 2301 Ad.
728 2267 775 2303 V.
803 2276 838 2311 3.

167 2333 224 2358 10.
242 2334 318 2357 rem
339 2323 457 2368 ipsam
478 2334 659 2368 putemus.

210 2378 246 2413 6.
273 2381 369 2414 male
387 2395 440 2415 me
458 2379 619 2426 habens]
668 2381 694 2416 i.
714 2394 745 2416 e.
764 2394 841 2417 mo-

165 2433 268 2470 lestia
297 2433 463 2472 affectus.
492 2450 525 2475 v.
544 2449 622 2475 not.
654 2438 702 2473 ad
725 2439 839 2476 Andr.

165 2492 212 2527 11.
231 2492 267 2528 6.
288 2501 324 2535 5.
762 2529 766 2532 .

212 2562 246 2595 7.
271 2551 572 2596 divorticulum]
622 2551 672 2588 est
691 2552 753 2588 ubi
772 2553 841 2589 iter

167 2605 214 2640 de
242 2607 298 2641 via
328 2606 494 2643 flectitur.
556 2611 841 2648 Devenit-ulum

167 2662 219 2698 est
245 2663 282 2698 in
314 2664 369 2698 via
403 2664 632 2702 domicilium
667 2668 712 2703 ad
738 2668 841 2717 quod

168 2720 214 2754 de
243 2721 373 2756 itinere
395 2722 654 2759 devertendum
676 2725 736 2762 est.
767 2729 839 2763 Di-

166 2780 283 2815 vern't
313 2780 375 2827 qui
405 2793 424 2815 a
450 2780 504 2815 via
526 2783 625 2828 regia
651 2782 839 2819 discedens

917 1748 1081 1784 semitam
1111 1746 1197 1782 inde
1226 1747 1264 1781 in
1284 1744 1421 1781 diversa
1438 1744 1593 1781 tenden-

917 1818 990 1842 tem
1029 1804 1190 1846 incedit3
1231 1806 1415 1843 devertit,
1464 1802 1592 1852 quissde

916 1864 972 1898 via
1008 1862 1204 1898 deflectens
1242 1861 1444 1908 hospitium
1485 1858 1591 1897 [ubit.

915 1922 975 1957 Sic
988 1921 1118 1956 horum
1138 1920 1327 1955 verborum
1344 1917 1591 1953 differentiam

915 1980 1104 2016 constituit
1131 1979 1250 2014 Drak.
1280 1977 1327 2012 ad
1356 1977 1434 2012 Liv.
1455 1976 1589 2013 XLIV.

914 2045 973 2084 42..

967 2108 1019 2130 12.
1048 2105 1219 2131 extrema
1238 2096 1340 2130 linea
1369 2091 1521 2136 amare]
1562 2090 1590 2127 ἱ.

916 2167 948 2188 e.
971 2167 990 2188 e
1010 2152 1214 2199 longinquo
1238 2163 1370 2193 amare,
1395 2163 1473 2185 non
1491 2148 1592 2184 adire

917 2210 1072 2245 amicam
1100 2219 1161 2244 aut
1179 2219 1337 2255 tangere.
1364 2210 1504 2244 Donat.
1529 2207 1592 2241 ob-

915 2268 1028 2304 servat
1049 2277 1183 2302 veteres
1195 2265 1322 2302 dixisse
1341 2268 1469 2314 longis
1480 2268 1593 2310 lineis

918 2327 1011 2372 quid
1032 2326 1127 2370 fieri
1154 2324 1254 2372 quod
1273 2324 1313 2360 fit
1334 2337 1354 2359 e
1374 2323 1592 2371 longinquo.

917 2384 1041 2419 valer.
1063 2382 1216 2418 Maxim.
1239 2383 1269 2417 1.
1294 2394 1326 2426 7.
1345 2390 1378 2424 8.
1397 2381 1593 2428 Metnpbo-

916 2453 955 2476 ra
983 2440 1094 2475 ducta
1123 2451 1143 2474 a
1161 2438 1269 2474 lineis
1296 2438 1422 2479 stadii,
1454 2439 1494 2473 in
1515 2438 1593 2486 qui-

915 2498 983 2533 bus
1014 2496 1168 2532 cursores
1188 2495 1396 2533 infistebant
1413 2506 1454 2531 ut
1476 2509 1518 2530 ex
1537 2509 1594 2530 ae-

918 2568 991 2603 quo
1021 2565 1299 2603 percurrerent..
1336 2553 1409 2590 Sed
1438 2553 1501 2588 alii
1529 2553 1594 2587 ali-

917 2612 1016 2647 unde
1061 2611 1313 2660 metaphoram
1352 2621 1522 2659 repetunt
1560 2623 1593 2645 v,

916 2669 1068 2705 salmas.
1103 2670 1140 2704 in
1163 2670 1346 2704 exercitat.
1367 2669 1524 2704 Plinian.
1554 2683 1589 2716 p.

917 2728 997 2771 648.
1030 2738 1065 2762 et
1094 2726 1219 2762 Heius.
1259 2727 1445 2773 athoud.
1478 2739 1592 2762 amor.

918 2785 1018 2832 Eleg.
1040 2786 1103 2822 111.
1125 2797 1234 2832 ²··¹9·
