<?xml version="1.0" encoding="UTF-8"?>
<!DOCTYPE html PUBLIC "-//W3C//DTD XHTML 1.0 Transitional//EN"
    "http://www.w3.org/TR/xhtml1/DTD/xhtml1-transitional.dtd">
<html xmlns="http://www.w3.org/1999/xhtml" xml:lang="en" lang="en">
 <head>
  <title>
</title>
<meta http-equiv="Content-Type" content="text/html;charset=utf-8" />
  <meta name='ocr-system' content='tesseract 3.04.00' />
  <meta name='ocr-capabilities' content='ocr_page ocr_carea ocr_par ocr_line ocrx_word'/>
</head>
<body>
  <div class='ocr_page' id='page_1' title='image "./comoediaesex01tereuoft_0287.png"; bbox 0 0 1812 3100; ppageno 0'>
   <div class='ocr_carea' id='block_1_1' title="bbox 0 0 58 2744">
    <p class='ocr_par' dir='ltr' id='par_1_1' title="bbox 0 0 58 2744">
     <span class='ocr_line' id='line_1_1' title="bbox 0 0 58 2744; baseline 0 0"><span class='ocrx_word' id='word_1_1' title='bbox 0 0 58 2744; x_wconf 95' lang='lat' dir='ltr'> </span> 
     </span>
    </p>
   </div>
   <div class='ocr_carea' id='block_1_2' title="bbox 582 144 814 191">
    <p class='ocr_par' dir='ltr' id='par_1_2' title="bbox 582 144 814 191">
     <span class='ocr_line' id='line_1_2' title="bbox 582 144 814 191; baseline -0.009 0"><span class='ocrx_word' id='word_1_2' title='bbox 582 145 720 191; x_wconf 71' lang='lat' dir='ltr'>Aer.</span> <span class='ocrx_word' id='word_1_3' title='bbox 757 144 814 190; x_wconf 90' lang='lat' dir='ltr'>V.</span> 
     </span>
    </p>
   </div>
   <div class='ocr_carea' id='block_1_3' title="bbox 892 109 1590 207">
    <p class='ocr_par' dir='ltr' id='par_1_3' title="bbox 892 109 1590 207">
     <span class='ocr_line' id='line_1_3' title="bbox 892 109 1590 207; baseline -0.001 -16"><span class='ocrx_word' id='word_1_4' title='bbox 892 109 1005 192; x_wconf 51' lang='lat' dir='ltr'>Scir</span> <span class='ocrx_word' id='word_1_5' title='bbox 1021 160 1068 191; x_wconf 71' lang='lat' dir='ltr'>N.</span> <span class='ocrx_word' id='word_1_6' title='bbox 1101 144 1178 191; x_wconf 91' lang='lat' dir='ltr'>IV.</span> <span class='ocrx_word' id='word_1_7' title='bbox 1491 147 1590 207; x_wconf 73' lang='grc' dir='ltr'>Ι249</span> 
     </span>
    </p>
   </div>
   <div class='ocr_carea' id='block_1_4' title="bbox 161 273 1592 357">
    <p class='ocr_par' dir='ltr' id='par_1_4' title="bbox 161 273 1592 357">
     <span class='ocr_line' id='line_1_4' title="bbox 161 273 1592 357; baseline -0.007 -24"><span class='ocrx_word' id='word_1_8' title='bbox 161 276 519 357; x_wconf 57' lang='grc' dir='ltr'>ὃίηθῖωῃρω,</span> <span class='ocrx_word' id='word_1_9' title='bbox 540 282 586 320; x_wconf 79' lang='grc'>35</span> <span class='ocrx_word' id='word_1_10' title='bbox 597 282 631 339; x_wconf 77' lang='lat'>⁸)</span> <span class='ocrx_word' id='word_1_11' title='bbox 663 275 774 328; x_wconf 85' lang='lat' dir='ltr'>fine·</span> <span class='ocrx_word' id='word_1_12' title='bbox 784 275 1054 344; x_wconf 76' lang='lat' dir='ltr'>dispendio.</span> <span class='ocrx_word' id='word_1_13' title='bbox 1066 283 1111 320; x_wconf 80' lang='lat'>35</span> <span class='ocrx_word' id='word_1_14' title='bbox 1121 273 1160 339; x_wconf 81' lang='lat' dir='ltr'>b)</span> <span class='ocrx_word' id='word_1_15' title='bbox 1198 279 1337 329; x_wconf 87' lang='lat' dir='ltr'>Tum</span> <span class='ocrx_word' id='word_1_16' title='bbox 1355 275 1454 334; x_wconf 70' lang='lat' dir='ltr'>hoc</span> <span class='ocrx_word' id='word_1_17' title='bbox 1475 276 1592 328; x_wconf 83' lang='lat' dir='ltr'>alte-</span> 
     </span>
    </p>
   </div>
   <div class='ocr_carea' id='block_1_5' title="bbox 519 344 744 407">
    <p class='ocr_par' dir='ltr' id='par_1_5' title="bbox 519 344 744 407">
     <span class='ocr_line' id='line_1_5' title="bbox 519 344 744 407; baseline -0.013 -10"><span class='ocrx_word' id='word_1_18' title='bbox 519 365 644 397; x_wconf 85' lang='lat' dir='ltr'>rum.</span> <span class='ocrx_word' id='word_1_19' title='bbox 682 344 744 407; x_wconf 74' lang='grc'>56)</span> 
     </span>
    </p>
   </div>
   <div class='ocr_carea' id='block_1_6' title="bbox 86 411 1596 686">
    <p class='ocr_par' dir='ltr' id='par_1_6' title="bbox 131 411 1458 553">
     <span class='ocr_line' id='line_1_6' title="bbox 131 411 1458 484; baseline -0.005 -16"><span class='ocrx_word' id='word_1_20' title='bbox 131 418 211 468; x_wconf 68' lang='lat' dir='ltr'>‘ld</span> <span class='ocrx_word' id='word_1_21' title='bbox 242 435 362 475; x_wconf 78' lang='lat' dir='ltr'>vero</span> <span class='ocrx_word' id='word_1_22' title='bbox 397 415 468 464; x_wconf 82' lang='lat' dir='ltr'>est</span> <span class='ocrx_word' id='word_1_23' title='bbox 496 414 638 484; x_wconf 89' lang='lat' dir='ltr'>quod</span> <span class='ocrx_word' id='word_1_24' title='bbox 658 432 751 480; x_wconf 82' lang='lat' dir='ltr'>ego</span> <span class='ocrx_word' id='word_1_25' title='bbox 784 411 901 461; x_wconf 88' lang='lat' dir='ltr'>mihi</span> <span class='ocrx_word' id='word_1_26' title='bbox 921 425 1048 479; x_wconf 78' lang='lat' dir='ltr'>puto</span> <span class='ocrx_word' id='word_1_27' title='bbox 1072 411 1371 478; x_wconf 86' lang='lat' dir='ltr'>palmarium</span> <span class='ocrx_word' id='word_1_28' title='bbox 1395 415 1458 475; x_wconf 88' lang='lat'>37)</span> 
     </span>
     <span class='ocr_line' id='line_1_7' title="bbox 157 480 1266 553; baseline -0.006 -16"><span class='ocrx_word' id='word_1_29' title='bbox 157 490 243 541; x_wconf 82' lang='lat' dir='ltr'>Me</span> <span class='ocrx_word' id='word_1_30' title='bbox 270 484 511 553; x_wconf 81' lang='lat' dir='ltr'>reperisse.</span> <span class='ocrx_word' id='word_1_31' title='bbox 565 482 830 552; x_wconf 73' lang='lat' dir='ltr'>qubmodo</span> <span class='ocrx_word' id='word_1_32' title='bbox 843 514 849 518; x_wconf 92' lang='lat'><em>-</em></span> <span class='ocrx_word' id='word_1_33' title='bbox 863 480 1266 530; x_wconf 77' lang='lat' dir='ltr'>adolescentulus</span> 
     </span>
    </p>

    <p class='ocr_par' dir='ltr' id='par_1_7' title="bbox 86 549 1596 686">
     <span class='ocr_line' id='line_1_8' title="bbox 86 549 1424 619; baseline -0.004 -14"><span class='ocrx_word' id='word_1_34' title='bbox 86 578 136 605; x_wconf 84' lang='grc' dir='ltr'>ιο</span> <span class='ocrx_word' id='word_1_35' title='bbox 150 554 476 604; x_wconf 85' lang='lat' dir='ltr'>Meretricum</span> <span class='ocrx_word' id='word_1_36' title='bbox 506 551 711 619; x_wconf 83' lang='lat' dir='ltr'>ingenia</span> <span class='ocrx_word' id='word_1_37' title='bbox 741 563 792 600; x_wconf 90' lang='lat' dir='ltr'>et</span> <span class='ocrx_word' id='word_1_38' title='bbox 831 567 999 598; x_wconf 84' lang='lat' dir='ltr'>mores</span> <span class='ocrx_word' id='word_1_39' title='bbox 1030 549 1189 616; x_wconf 88' lang='lat' dir='ltr'>posset</span> <span class='ocrx_word' id='word_1_40' title='bbox 1223 553 1424 601; x_wconf 81' lang='lat' dir='ltr'>noscere</span> 
     </span>
     <span class='ocr_line' id='line_1_9' title="bbox 147 617 1596 686; baseline -0.002 -14"><span class='ocrx_word' id='word_1_41' title='bbox 147 627 372 681; x_wconf 75' lang='lat' dir='ltr'>Mature,</span> <span class='ocrx_word' id='word_1_42' title='bbox 395 622 460 681; x_wconf 81' lang='lat'>3⁸)</span> <span class='ocrx_word' id='word_1_43' title='bbox 491 635 550 670; x_wconf 91' lang='lat' dir='ltr'>ut</span> <span class='ocrx_word' id='word_1_44' title='bbox 567 626 688 670; x_wconf 84' lang='lat' dir='ltr'>&#39;cum</span> <span class='ocrx_word' id='word_1_45' title='bbox 711 619 1017 684; x_wconf 82' lang='lat' dir='ltr'>cognoverit,</span> <span class='ocrx_word' id='word_1_46' title='bbox 1046 621 1085 678; x_wconf 85' lang='lat'>*)</span> <span class='ocrx_word' id='word_1_47' title='bbox 1108 621 1167 680; x_wconf 81' lang='lat'>39)</span> <span class='ocrx_word' id='word_1_48' title='bbox 1203 633 1454 686; x_wconf 85' lang='lat' dir='ltr'>perpetuo</span> <span class='ocrx_word' id='word_1_49' title='bbox 1476 617 1596 669; x_wconf 64' lang='lat' dir='ltr'>ode=</span> 
     </span>
    </p>
   </div>
   <div class='ocr_carea' id='block_1_7' title="bbox 514 690 688 748">
    <p class='ocr_par' dir='ltr' id='par_1_8' title="bbox 514 690 688 748">
     <span class='ocr_line' id='line_1_10' title="bbox 514 690 688 748; baseline 0 -11"><span class='ocrx_word' id='word_1_50' title='bbox 514 690 595 738; x_wconf 86' lang='lat' dir='ltr'>rit.</span> <span class='ocrx_word' id='word_1_51' title='bbox 626 691 688 748; x_wconf 80' lang='lat'>4⁰)</span> 
     </span>
    </p>
   </div>
   <div class='ocr_carea' id='block_1_8' title="bbox 154 750 1587 893">
    <p class='ocr_par' dir='ltr' id='par_1_9' title="bbox 154 750 1587 893">
     <span class='ocr_line' id='line_1_11' title="bbox 155 750 1486 827; baseline -0.004 -18"><span class='ocrx_word' id='word_1_52' title='bbox 155 762 300 827; x_wconf 77' lang='lat' dir='ltr'>Quae</span> <span class='ocrx_word' id='word_1_53' title='bbox 326 757 446 807; x_wconf 87' lang='lat' dir='ltr'>dum</span> <span class='ocrx_word' id='word_1_54' title='bbox 473 757 594 806; x_wconf 79' lang='lat' dir='ltr'>foris</span> <span class='ocrx_word' id='word_1_55' title='bbox 618 758 741 814; x_wconf 83' lang='lat' dir='ltr'>sunt,</span> <span class='ocrx_word' id='word_1_56' title='bbox 761 756 822 814; x_wconf 82' lang='lat'>4¹)</span> <span class='ocrx_word' id='word_1_57' title='bbox 856 750 979 801; x_wconf 83' lang='lat' dir='ltr'>nihil</span> <span class='ocrx_word' id='word_1_58' title='bbox 1007 753 1207 803; x_wconf 87' lang='lat' dir='ltr'>videtur</span> <span class='ocrx_word' id='word_1_59' title='bbox 1228 753 1486 813; x_wconf 87' lang='lat' dir='ltr'>mundius,</span> 
     </span>
     <span class='ocr_line' id='line_1_12' title="bbox 154 823 1587 893; baseline -0.006 -13"><span class='ocrx_word' id='word_1_60' title='bbox 154 830 268 880; x_wconf 85' lang='lat' dir='ltr'>Nec</span> <span class='ocrx_word' id='word_1_61' title='bbox 295 828 455 893; x_wconf 82' lang='lat' dir='ltr'>magis</span> <span class='ocrx_word' id='word_1_62' title='bbox 485 823 816 892; x_wconf 76' lang='lat' dir='ltr'>compositum</span> <span class='ocrx_word' id='word_1_63' title='bbox 847 823 912 882; x_wconf 73' lang='lat'>4²)</span> <span class='ocrx_word' id='word_1_64' title='bbox 961 823 1265 890; x_wconf 78' lang='lat' dir='ltr'>quicquam,</span> <span class='ocrx_word' id='word_1_65' title='bbox 1306 841 1400 872; x_wconf 88' lang='lat' dir='ltr'>nec</span> <span class='ocrx_word' id='word_1_66' title='bbox 1427 823 1587 890; x_wconf 84' lang='lat' dir='ltr'>magis</span> 
     </span>
    </p>
   </div>
   <div class='ocr_carea' id='block_1_9' title="bbox 516 893 818 960">
    <p class='ocr_par' dir='ltr' id='par_1_10' title="bbox 516 893 818 960">
     <span class='ocr_line' id='line_1_13' title="bbox 516 893 818 960; baseline -0.013 -17"><span class='ocrx_word' id='word_1_67' title='bbox 516 893 731 960; x_wconf 81' lang='lat' dir='ltr'>elegans.</span> <span class='ocrx_word' id='word_1_68' title='bbox 753 893 818 951; x_wconf 72' lang='lat'>43)</span> 
     </span>
    </p>
   </div>
   <div class='ocr_carea' id='block_1_10' title="bbox 86 957 1588 1171">
    <p class='ocr_par' dir='ltr' id='par_1_11' title="bbox 86 957 1588 1171">
     <span class='ocr_line' id='line_1_14' title="bbox 154 957 1588 1030; baseline -0.003 -16"><span class='ocrx_word' id='word_1_69' title='bbox 154 968 301 1030; x_wconf 77' lang='lat' dir='ltr'>Quae</span> <span class='ocrx_word' id='word_1_70' title='bbox 320 980 438 1013; x_wconf 85' lang='lat' dir='ltr'>oum</span> <span class='ocrx_word' id='word_1_71' title='bbox 462 977 687 1011; x_wconf 84' lang='lat' dir='ltr'>amatore</span> <span class='ocrx_word' id='word_1_72' title='bbox 710 962 798 1009; x_wconf 84' lang='lat' dir='ltr'>suo</span> <span class='ocrx_word' id='word_1_73' title='bbox 822 977 939 1009; x_wconf 88' lang='lat' dir='ltr'>cum</span> <span class='ocrx_word' id='word_1_74' title='bbox 961 973 1195 1016; x_wconf 82' lang='lat' dir='ltr'>coenant,</span> <span class='ocrx_word' id='word_1_75' title='bbox 1229 957 1511 1024; x_wconf 84' lang='lat' dir='ltr'>ligurriunt.</span> <span class='ocrx_word' id='word_1_76' title='bbox 1523 962 1588 1022; x_wconf 78' lang='grc'>44)</span> 
     </span>
     <span class='ocr_line' id='line_1_15' title="bbox 86 1026 1322 1093; baseline -0.008 -8"><span class='ocrx_word' id='word_1_77' title='bbox 86 1043 137 1085; x_wconf 83' lang='lat'>15</span> <span class='ocrx_word' id='word_1_78' title='bbox 152 1036 348 1082; x_wconf 84' lang='lat' dir='ltr'>Harum</span> <span class='ocrx_word' id='word_1_79' title='bbox 368 1030 538 1081; x_wconf 89' lang='lat' dir='ltr'>videre</span> <span class='ocrx_word' id='word_1_80' title='bbox 559 1028 797 1078; x_wconf 87' lang='lat' dir='ltr'>inluviem</span> <span class='ocrx_word' id='word_1_81' title='bbox 815 1066 826 1085; x_wconf 93' lang='lat'>,</span> <span class='ocrx_word' id='word_1_82' title='bbox 850 1026 1045 1084; x_wconf 72' lang='lat' dir='ltr'>&#39;soi-des,</span> <span class='ocrx_word' id='word_1_83' title='bbox 1084 1028 1322 1093; x_wconf 81' lang='lat' dir='ltr'>inopiam,</span> 
     </span>
     <span class='ocr_line' id='line_1_16' title="bbox 155 1094 1586 1171; baseline -0.002 -21"><span class='ocrx_word' id='word_1_84' title='bbox 155 1104 320 1171; x_wconf 72' lang='lat' dir='ltr'>Quam</span> <span class='ocrx_word' id='word_1_85' title='bbox 349 1098 641 1148; x_wconf 81' lang='lat' dir='ltr'>inhonestae</span> <span class='ocrx_word' id='word_1_86' title='bbox 666 1096 797 1146; x_wconf 81' lang='lat' dir='ltr'>solae</span> <span class='ocrx_word' id='word_1_87' title='bbox 826 1094 919 1145; x_wconf 82' lang='lat' dir='ltr'>[int</span> <span class='ocrx_word' id='word_1_88' title='bbox 939 1095 1098 1153; x_wconf 88' lang='lat' dir='ltr'>domi,</span> <span class='ocrx_word' id='word_1_89' title='bbox 1133 1109 1292 1162; x_wconf 85' lang='lat' dir='ltr'>atque</span> <span class='ocrx_word' id='word_1_90' title='bbox 1310 1098 1374 1158; x_wconf 81' lang='lat'>45)</span> <span class='ocrx_word' id='word_1_91' title='bbox 1407 1095 1586 1147; x_wconf 87' lang='lat' dir='ltr'>avidae</span> 
     </span>
    </p>
   </div>
   <div class='ocr_carea' id='block_1_11' title="bbox 514 1163 722 1228">
    <p class='ocr_par' dir='ltr' id='par_1_12' title="bbox 514 1163 722 1228">
     <span class='ocr_line' id='line_1_17' title="bbox 514 1163 722 1228; baseline -0.01 -12"><span class='ocrx_word' id='word_1_92' title='bbox 514 1166 628 1226; x_wconf 88' lang='lat' dir='ltr'>cibi,</span> <span class='ocrx_word' id='word_1_93' title='bbox 658 1163 722 1228; x_wconf 72' lang='lat'>4⁶)</span> 
     </span>
    </p>
   </div>
   <div class='ocr_carea' id='block_1_12' title="bbox 214 1318 1587 1371">
    <p class='ocr_par' dir='ltr' id='par_1_13' title="bbox 214 1318 1587 1371">
     <span class='ocr_line' id='line_1_18' title="bbox 214 1318 1587 1371; baseline -0.002 -12"><span class='ocrx_word' id='word_1_94' title='bbox 214 1330 260 1370; x_wconf 75' lang='lat'>35</span> <span class='ocrx_word' id='word_1_95' title='bbox 271 1323 312 1371; x_wconf 75' lang='lat' dir='ltr'>a)</span> <span class='ocrx_word' id='word_1_96' title='bbox 333 1321 488 1371; x_wconf 80' lang='lat' dir='ltr'>expensa</span> <span class='ocrx_word' id='word_1_97' title='bbox 535 1330 578 1366; x_wconf 84' lang='lat'>35</span> <span class='ocrx_word' id='word_1_98' title='bbox 591 1322 629 1363; x_wconf 86' lang='lat' dir='ltr'>b)</span> <span class='ocrx_word' id='word_1_99' title='bbox 650 1321 785 1357; x_wconf 87' lang='lat' dir='ltr'>damno</span> <span class='ocrx_word' id='word_1_100' title='bbox 833 1320 892 1363; x_wconf 82' lang='lat'>36)</span> <span class='ocrx_word' id='word_1_101' title='bbox 915 1318 1051 1355; x_wconf 81' lang='lat' dir='ltr'>[cilicet</span> <span class='ocrx_word' id='word_1_102' title='bbox 1069 1318 1129 1354; x_wconf 82' lang='lat' dir='ltr'>est.</span> <span class='ocrx_word' id='word_1_103' title='bbox 1144 1318 1254 1354; x_wconf 71' lang='lat' dir='ltr'>altera</span> <span class='ocrx_word' id='word_1_104' title='bbox 1274 1319 1390 1355; x_wconf 81' lang='lat' dir='ltr'>causa.</span> <span class='ocrx_word' id='word_1_105' title='bbox 1445 1322 1511 1367; x_wconf 79' lang='lat'>37)</span> <span class='ocrx_word' id='word_1_106' title='bbox 1533 1334 1587 1357; x_wconf 84' lang='lat' dir='ltr'>re-</span> 
     </span>
    </p>
   </div>
   <div class='ocr_carea' id='block_1_13' title="bbox 257 1376 1584 1427">
    <p class='ocr_par' dir='ltr' id='par_1_14' title="bbox 257 1376 1584 1427">
     <span class='ocr_line' id='line_1_19' title="bbox 257 1376 1584 1427; baseline -0.003 -10"><span class='ocrx_word' id='word_1_107' title='bbox 257 1380 563 1417; x_wconf 80' lang='lat' dir='ltr'>munerationem.</span> <span class='ocrx_word' id='word_1_108' title='bbox 596 1383 636 1416; x_wconf 82' lang='lat' dir='ltr'>in</span> <span class='ocrx_word' id='word_1_109' title='bbox 668 1394 788 1427; x_wconf 79' lang='lat' dir='ltr'>marg.</span> <span class='ocrx_word' id='word_1_110' title='bbox 822 1377 1047 1425; x_wconf 83' lang='lat' dir='ltr'>palmarium.</span> <span class='ocrx_word' id='word_1_111' title='bbox 1077 1376 1264 1424; x_wconf 76' lang='lat' dir='ltr'>ingenium</span> <span class='ocrx_word' id='word_1_112' title='bbox 1294 1378 1420 1413; x_wconf 88' lang='lat' dir='ltr'>dolum</span> <span class='ocrx_word' id='word_1_113' title='bbox 1449 1378 1504 1414; x_wconf 88' lang='lat' dir='ltr'>vel</span> <span class='ocrx_word' id='word_1_114' title='bbox 1527 1391 1584 1414; x_wconf 79' lang='lat' dir='ltr'>ca-</span> 
     </span>
    </p>
   </div>
   <div class='ocr_carea' id='block_1_14' title="bbox 259 1436 748 1539">
    <p class='ocr_par' dir='ltr' id='par_1_15' title="bbox 259 1436 748 1539">
     <span class='ocr_line' id='line_1_20' title="bbox 259 1436 748 1485; baseline 0 -14"><span class='ocrx_word' id='word_1_115' title='bbox 259 1437 428 1485; x_wconf 77' lang='lat' dir='ltr'>ptionem</span> <span class='ocrx_word' id='word_1_116' title='bbox 493 1441 553 1480; x_wconf 80' lang='lat'>33)</span> <span class='ocrx_word' id='word_1_117' title='bbox 589 1436 748 1472; x_wconf 83' lang='lat' dir='ltr'>modeste</span> 
     </span>
     <span class='ocr_line' id='line_1_21' title="bbox 260 1494 429 1539; baseline 0.006 -11"><span class='ocrx_word' id='word_1_118' title='bbox 260 1499 322 1539; x_wconf 74' lang='lat'>40)</span> <span class='ocrx_word' id='word_1_119' title='bbox 347 1494 429 1530; x_wconf 75' lang='lat' dir='ltr'>illas</span> 
     </span>
    </p>
   </div>
   <div class='ocr_carea' id='block_1_15' title="bbox 485 1434 1584 1541">
    <p class='ocr_par' dir='ltr' id='par_1_16' title="bbox 485 1434 1584 1541">
     <span class='ocr_line' id='line_1_22' title="bbox 815 1434 1584 1483; baseline 0.001 -13"><span class='ocrx_word' id='word_1_120' title='bbox 815 1436 850 1481; x_wconf 76' lang='lat'>⁴¹)</span> <span class='ocrx_word' id='word_1_121' title='bbox 875 1436 963 1470; x_wconf 76' lang='lat' dir='ltr'>edit.</span> <span class='ocrx_word' id='word_1_122' title='bbox 1000 1435 1167 1479; x_wconf 81' lang='lat' dir='ltr'>cognorit</span> <span class='ocrx_word' id='word_1_123' title='bbox 1227 1437 1292 1482; x_wconf 79' lang='lat'>39)</span> <span class='ocrx_word' id='word_1_124' title='bbox 1326 1434 1382 1470; x_wconf 86' lang='lat' dir='ltr'>vel</span> <span class='ocrx_word' id='word_1_125' title='bbox 1416 1436 1584 1483; x_wconf 85' lang='lat' dir='ltr'>cognorit</span> 
     </span>
     <span class='ocr_line' id='line_1_23' title="bbox 485 1492 1581 1541; baseline 0.002 -13"><span class='ocrx_word' id='word_1_126' title='bbox 485 1498 545 1539; x_wconf 84' lang='grc'>41)</span> <span class='ocrx_word' id='word_1_127' title='bbox 573 1507 693 1530; x_wconf 87' lang='lat' dir='ltr'>coram</span> <span class='ocrx_word' id='word_1_128' title='bbox 713 1492 930 1530; x_wconf 83' lang='lat' dir='ltr'>amatoribus</span> <span class='ocrx_word' id='word_1_129' title='bbox 998 1493 1064 1536; x_wconf 73' lang='lat'>42)</span> <span class='ocrx_word' id='word_1_130' title='bbox 1089 1502 1256 1526; x_wconf 88' lang='lat' dir='ltr'>ornatum</span> <span class='ocrx_word' id='word_1_131' title='bbox 1311 1497 1371 1537; x_wconf 77' lang='lat'>43)</span> <span class='ocrx_word' id='word_1_132' title='bbox 1395 1493 1581 1541; x_wconf 68' lang='lat' dir='ltr'>pulchrius</span> 
     </span>
    </p>
   </div>
   <div class='ocr_carea' id='block_1_16' title="bbox 258 1547 1450 1601">
    <p class='ocr_par' dir='ltr' id='par_1_17' title="bbox 258 1547 1450 1601">
     <span class='ocr_line' id='line_1_24' title="bbox 258 1547 1450 1601; baseline -0.002 -13"><span class='ocrx_word' id='word_1_133' title='bbox 258 1553 326 1601; x_wconf 82' lang='grc'>44)</span> <span class='ocrx_word' id='word_1_134' title='bbox 350 1551 476 1588; x_wconf 83' lang='lat' dir='ltr'>leviter</span> <span class='ocrx_word' id='word_1_135' title='bbox 497 1551 687 1600; x_wconf 82' lang='lat' dir='ltr'>degustant</span> <span class='ocrx_word' id='word_1_136' title='bbox 744 1553 809 1598; x_wconf 83' lang='grc'>45)</span> <span class='ocrx_word' id='word_1_137' title='bbox 833 1561 942 1599; x_wconf 87' lang='lat' dir='ltr'>quam</span> <span class='ocrx_word' id='word_1_138' title='bbox 963 1547 1033 1584; x_wconf 83' lang='lat' dir='ltr'>fint</span> <span class='ocrx_word' id='word_1_139' title='bbox 1088 1550 1149 1593; x_wconf 75' lang='lat'>46)</span> <span class='ocrx_word' id='word_1_140' title='bbox 1174 1562 1240 1597; x_wconf 87' lang='lat' dir='ltr'>pro</span> <span class='ocrx_word' id='word_1_141' title='bbox 1272 1549 1450 1589; x_wconf 87' lang='lat' dir='ltr'>ciborum.</span> 
     </span>
    </p>
   </div>
   <div class='ocr_carea' id='block_1_17' title="bbox 772 1653 952 1662">
    <p class='ocr_par' dir='ltr' id='par_1_18' title="bbox 772 1653 952 1662">
     <span class='ocr_line' id='line_1_25' title="bbox 772 1653 952 1662; baseline 0 0"><span class='ocrx_word' id='word_1_142' title='bbox 772 1653 952 1662; x_wconf 95' lang='lat' dir='ltr'> </span> 
     </span>
    </p>
   </div>
   <div class='ocr_carea' id='block_1_18' title="bbox 106 1721 832 2282">
    <p class='ocr_par' dir='ltr' id='par_1_19' title="bbox 106 1721 832 2282">
     <span class='ocr_line' id='line_1_26' title="bbox 152 1721 828 1771; baseline -0.003 -13"><span class='ocrx_word' id='word_1_143' title='bbox 152 1732 289 1759; x_wconf 68' lang='lat' dir='ltr'>vetaret</span> <span class='ocrx_word' id='word_1_144' title='bbox 314 1721 530 1771; x_wconf 73' lang='lat' dir='ltr'>post‘verba</span> <span class='ocrx_word' id='word_1_145' title='bbox 560 1721 742 1771; x_wconf 81' lang='lat' dir='ltr'>quaedam</span> <span class='ocrx_word' id='word_1_146' title='bbox 773 1722 828 1756; x_wconf 88' lang='lat' dir='ltr'>in-</span> 
     </span>
     <span class='ocr_line' id='line_1_27' title="bbox 152 1778 829 1827; baseline -0.006 -10"><span class='ocrx_word' id='word_1_147' title='bbox 152 1780 271 1821; x_wconf 76' lang='lat' dir='ltr'>iecta.</span> <span class='ocrx_word' id='word_1_148' title='bbox 300 1783 354 1821; x_wconf 74' lang='lat' dir='ltr'>is.</span> <span class='ocrx_word' id='word_1_149' title='bbox 386 1779 446 1817; x_wconf 80' lang='grc' dir='ltr'>Ιιὶσ</span> <span class='ocrx_word' id='word_1_150' title='bbox 471 1789 507 1816; x_wconf 77' lang='lat' dir='ltr'>et</span> <span class='ocrx_word' id='word_1_151' title='bbox 525 1778 655 1815; x_wconf 82' lang='lat' dir='ltr'>fimilia</span> <span class='ocrx_word' id='word_1_152' title='bbox 687 1789 829 1827; x_wconf 86' lang='lat' dir='ltr'>ponunt</span> 
     </span>
     <span class='ocr_line' id='line_1_28' title="bbox 155 1835 827 1886; baseline -0.007 -13"><span class='ocrx_word' id='word_1_153' title='bbox 155 1850 250 1886; x_wconf 85' lang='lat' dir='ltr'>quae</span> <span class='ocrx_word' id='word_1_154' title='bbox 268 1836 386 1873; x_wconf 70' lang='lat' dir='ltr'>abess&#39;e</span> <span class='ocrx_word' id='word_1_155' title='bbox 402 1847 581 1885; x_wconf 77' lang='lat' dir='ltr'>poterant,</span> <span class='ocrx_word' id='word_1_156' title='bbox 612 1835 704 1871; x_wconf 87' lang='lat' dir='ltr'>infra</span> <span class='ocrx_word' id='word_1_157' title='bbox 724 1849 756 1872; x_wconf 87' lang='lat' dir='ltr'>v.</span> <span class='ocrx_word' id='word_1_158' title='bbox 770 1847 827 1880; x_wconf 86' lang='lat'>29.</span> 
     </span>
     <span class='ocr_line' id='line_1_29' title="bbox 153 1893 828 1944; baseline -0.004 -12"><span class='ocrx_word' id='word_1_159' title='bbox 153 1895 344 1944; x_wconf 65' lang='lat' dir='ltr'>vio-ginem</span> <span class='ocrx_word' id='word_1_160' title='bbox 372 1897 506 1942; x_wconf 82' lang='lat' dir='ltr'>istam,</span> <span class='ocrx_word' id='word_1_161' title='bbox 560 1893 697 1930; x_wconf 77' lang='lat' dir='ltr'>Thaidi</span> <span class='ocrx_word' id='word_1_162' title='bbox 735 1906 828 1943; x_wconf 81' lang='lat' dir='ltr'>quae</span> 
     </span>
     <span class='ocr_line' id='line_1_30' title="bbox 154 1951 828 1998; baseline -0.003 -9"><span class='ocrx_word' id='word_1_163' title='bbox 154 1951 266 1993; x_wconf 64' lang='lat' dir='ltr'>bodie</span> <span class='ocrx_word' id='word_1_164' title='bbox 291 1953 391 1989; x_wconf 79' lang='lat' dir='ltr'>dono</span> <span class='ocrx_word' id='word_1_165' title='bbox 425 1953 519 1988; x_wconf 77' lang='lat' dir='ltr'>daea</span> <span class='ocrx_word' id='word_1_166' title='bbox 541 1953 611 1994; x_wconf 79' lang='lat' dir='ltr'>est,</span> <span class='ocrx_word' id='word_1_167' title='bbox 645 1954 723 1998; x_wconf 73' lang='lat' dir='ltr'>sbis</span> <span class='ocrx_word' id='word_1_168' title='bbox 747 1964 828 1987; x_wconf 84' lang='lat' dir='ltr'>eam</span> 
     </span>
     <span class='ocr_line' id='line_1_31' title="bbox 106 2003 828 2056; baseline -0.012 -7"><span class='ocrx_word' id='word_1_169' title='bbox 106 2003 111 2010; x_wconf 89' lang='lat'>.</span> <span class='ocrx_word' id='word_1_170' title='bbox 155 2008 244 2049; x_wconf 74' lang='grc' dir='ltr'><em>Ῑιίιιο</em></span> <span class='ocrx_word' id='word_1_171' title='bbox 274 2013 343 2056; x_wconf 75' lang='lat' dir='ltr'>eſj‘e</span> <span class='ocrx_word' id='word_1_172' title='bbox 374 2012 507 2046; x_wconf 79' lang='lat' dir='ltr'>civem.</span> <span class='ocrx_word' id='word_1_173' title='bbox 542 2009 581 2044; x_wconf 90' lang='lat' dir='ltr'>in</span> <span class='ocrx_word' id='word_1_174' title='bbox 602 2007 670 2044; x_wconf 79' lang='lat' dir='ltr'>Ad.</span> <span class='ocrx_word' id='word_1_175' title='bbox 704 2008 766 2042; x_wconf 84' lang='lat'>111.</span> <span class='ocrx_word' id='word_1_176' title='bbox 794 2015 828 2049; x_wconf 83' lang='lat'>3.</span> 
     </span>
     <span class='ocr_line' id='line_1_32' title="bbox 155 2063 832 2114; baseline -0.004 -12"><span class='ocrx_word' id='word_1_177' title='bbox 155 2073 192 2112; x_wconf 79' lang='grc'>4.</span> <span class='ocrx_word' id='word_1_178' title='bbox 221 2063 260 2112; x_wconf 79' lang='lat' dir='ltr'>sl</span> <span class='ocrx_word' id='word_1_179' title='bbox 290 2069 402 2104; x_wconf 80' lang='lat' dir='ltr'>illum</span> <span class='ocrx_word' id='word_1_180' title='bbox 431 2069 571 2113; x_wconf 71' lang='lat' dir='ltr'>potest,</span> <span class='ocrx_word' id='word_1_181' title='bbox 613 2067 679 2114; x_wconf 82' lang='lat' dir='ltr'>qui</span> <span class='ocrx_word' id='word_1_182' title='bbox 713 2065 832 2101; x_wconf 76' lang='lat' dir='ltr'>alicui</span> 
     </span>
     <span class='ocr_line' id='line_1_33' title="bbox 156 2117 830 2170; baseline -0.009 -9"><span class='ocrx_word' id='word_1_183' title='bbox 156 2125 215 2161; x_wconf 73' lang='lat' dir='ltr'>rei</span> <span class='ocrx_word' id='word_1_184' title='bbox 247 2117 319 2170; x_wconf 77' lang='lat' dir='ltr'>est,</span> <span class='ocrx_word' id='word_1_185' title='bbox 354 2127 469 2161; x_wconf 80' lang='lat' dir='ltr'>etiam</span> <span class='ocrx_word' id='word_1_186' title='bbox 499 2138 582 2161; x_wconf 84' lang='lat' dir='ltr'>eum</span> <span class='ocrx_word' id='word_1_187' title='bbox 623 2121 695 2168; x_wconf 88' lang='lat' dir='ltr'>[fic</span> <span class='ocrx_word' id='word_1_188' title='bbox 730 2120 830 2156; x_wconf 85' lang='lat' dir='ltr'>edid.</span> 
     </span>
     <span class='ocr_line' id='line_1_34' title="bbox 155 2170 831 2228; baseline -0.001 -11"><span class='ocrx_word' id='word_1_189' title='bbox 155 2170 302 2226; x_wconf 60' lang='lat' dir='ltr'>Bima]</span> <span class='ocrx_word' id='word_1_190' title='bbox 339 2182 394 2217; x_wconf 83' lang='lat' dir='ltr'>ad</span> <span class='ocrx_word' id='word_1_191' title='bbox 418 2183 621 2228; x_wconf 79' lang='lat' dir='ltr'>nequitiam</span> <span class='ocrx_word' id='word_1_192' title='bbox 640 2181 831 2216; x_wconf 82' lang='lat' dir='ltr'>abducere.</span> 
     </span>
     <span class='ocr_line' id='line_1_35' title="bbox 155 2237 786 2282; baseline 0 -10"><span class='ocrx_word' id='word_1_193' title='bbox 155 2249 190 2274; x_wconf 77' lang='lat' dir='ltr'>v.</span> <span class='ocrx_word' id='word_1_194' title='bbox 212 2237 400 2282; x_wconf 83' lang='lat' dir='ltr'>interpret.</span> <span class='ocrx_word' id='word_1_195' title='bbox 420 2237 466 2271; x_wconf 80' lang='lat' dir='ltr'>ad</span> <span class='ocrx_word' id='word_1_196' title='bbox 489 2237 567 2271; x_wconf 78' lang='lat' dir='ltr'>Liv.</span> <span class='ocrx_word' id='word_1_197' title='bbox 587 2237 702 2271; x_wconf 79' lang='lat' dir='ltr'>XXV.</span> <span class='ocrx_word' id='word_1_198' title='bbox 729 2249 786 2282; x_wconf 88' lang='lat'>27.</span> 
     </span>
    </p>
   </div>
   <div class='ocr_carea' id='block_1_19' title="bbox 204 2292 835 2341">
    <p class='ocr_par' dir='ltr' id='par_1_20' title="bbox 204 2292 835 2341">
     <span class='ocr_line' id='line_1_36' title="bbox 204 2292 835 2341; baseline -0.005 -10"><span class='ocrx_word' id='word_1_199' title='bbox 204 2294 372 2338; x_wconf 78' lang='lat' dir='ltr'>confeci]</span> <span class='ocrx_word' id='word_1_200' title='bbox 414 2293 451 2328; x_wconf 81' lang='lat' dir='ltr'>h.</span> <span class='ocrx_word' id='word_1_201' title='bbox 474 2306 504 2327; x_wconf 89' lang='lat' dir='ltr'>e.</span> <span class='ocrx_word' id='word_1_202' title='bbox 527 2292 631 2328; x_wconf 82' lang='lat' dir='ltr'>effeci</span> <span class='ocrx_word' id='word_1_203' title='bbox 652 2304 691 2328; x_wconf 88' lang='lat' dir='ltr'>ut</span> <span class='ocrx_word' id='word_1_204' title='bbox 710 2306 750 2328; x_wconf 84' lang='lat' dir='ltr'>ea</span> <span class='ocrx_word' id='word_1_205' title='bbox 770 2306 835 2341; x_wconf 90' lang='lat' dir='ltr'>po·</span> 
     </span>
    </p>
   </div>
   <div class='ocr_carea' id='block_1_20' title="bbox 156 2349 833 2451">
    <p class='ocr_par' dir='ltr' id='par_1_21' title="bbox 156 2349 833 2451">
     <span class='ocr_line' id='line_1_37' title="bbox 156 2349 833 2398; baseline -0.003 -12"><span class='ocrx_word' id='word_1_206' title='bbox 156 2349 297 2386; x_wconf 72' lang='lat' dir='ltr'>fitetur.</span> <span class='ocrx_word' id='word_1_207' title='bbox 318 2350 448 2396; x_wconf 83' lang='lat' dir='ltr'>Quint.</span> <span class='ocrx_word' id='word_1_208' title='bbox 462 2351 542 2386; x_wconf 88' lang='lat' dir='ltr'>Cic.</span> <span class='ocrx_word' id='word_1_209' title='bbox 562 2349 607 2384; x_wconf 80' lang='lat' dir='ltr'>de</span> <span class='ocrx_word' id='word_1_210' title='bbox 623 2350 725 2398; x_wconf 85' lang='lat' dir='ltr'>petit.</span> <span class='ocrx_word' id='word_1_211' title='bbox 748 2363 833 2386; x_wconf 65' lang='lat' dir='ltr'>con-</span> 
     </span>
     <span class='ocr_line' id='line_1_38' title="bbox 157 2405 365 2451; baseline -0.005 -8"><span class='ocrx_word' id='word_1_212' title='bbox 157 2405 262 2444; x_wconf 74' lang='lat' dir='ltr'>sulat.</span> <span class='ocrx_word' id='word_1_213' title='bbox 281 2420 312 2444; x_wconf 84' lang='lat' dir='ltr'>c.</span> <span class='ocrx_word' id='word_1_214' title='bbox 329 2415 365 2451; x_wconf 78' lang='lat'>5.</span> 
     </span>
    </p>
   </div>
   <div class='ocr_carea' id='block_1_21' title="bbox 160 2464 848 2570">
    <p class='ocr_par' dir='ltr' id='par_1_22' title="bbox 160 2464 848 2570">
     <span class='ocr_line' id='line_1_39' title="bbox 251 2464 838 2511; baseline 0.002 -12"><span class='ocrx_word' id='word_1_215' title='bbox 251 2472 286 2507; x_wconf 83' lang='grc'>8.</span> <span class='ocrx_word' id='word_1_216' title='bbox 319 2464 573 2510; x_wconf 76' lang='lat' dir='ltr'>palmarium]</span> <span class='ocrx_word' id='word_1_217' title='bbox 624 2464 648 2498; x_wconf 85' lang='lat' dir='ltr'>i.</span> <span class='ocrx_word' id='word_1_218' title='bbox 674 2477 705 2499; x_wconf 86' lang='lat' dir='ltr'>e.</span> <span class='ocrx_word' id='word_1_219' title='bbox 733 2477 838 2511; x_wconf 82' lang='lat' dir='ltr'>prae·</span> 
     </span>
     <span class='ocr_line' id='line_1_40' title="bbox 160 2520 848 2570; baseline -0.001 -13"><span class='ocrx_word' id='word_1_220' title='bbox 160 2521 310 2570; x_wconf 83' lang='lat' dir='ltr'>cipuum</span> <span class='ocrx_word' id='word_1_221' title='bbox 340 2531 376 2556; x_wconf 90' lang='lat' dir='ltr'>et</span> <span class='ocrx_word' id='word_1_222' title='bbox 402 2521 517 2566; x_wconf 80' lang='lat' dir='ltr'>gloria</span> <span class='ocrx_word' id='word_1_223' title='bbox 547 2520 711 2566; x_wconf 79' lang='lat' dir='ltr'>dignum.</span> <span class='ocrx_word' id='word_1_224' title='bbox 766 2523 848 2556; x_wconf 50' lang='lat' dir='ltr'>Ea»</span> 
     </span>
    </p>
   </div>
   <div class='ocr_carea' id='block_1_22' title="bbox 159 2578 835 2794">
    <p class='ocr_par' dir='ltr' id='par_1_23' title="bbox 159 2578 834 2739">
     <span class='ocr_line' id='line_1_41' title="bbox 161 2578 834 2627; baseline 0 -13"><span class='ocrx_word' id='word_1_225' title='bbox 161 2578 246 2614; x_wconf 83' lang='lat' dir='ltr'>dem</span> <span class='ocrx_word' id='word_1_226' title='bbox 265 2578 478 2627; x_wconf 81' lang='lat' dir='ltr'>metaphora</span> <span class='ocrx_word' id='word_1_227' title='bbox 491 2580 619 2623; x_wconf 82' lang='lat' dir='ltr'>palma</span> <span class='ocrx_word' id='word_1_228' title='bbox 638 2591 702 2626; x_wconf 90' lang='lat' dir='ltr'>pro</span> <span class='ocrx_word' id='word_1_229' title='bbox 724 2578 834 2614; x_wconf 83' lang='lat' dir='ltr'>victo-</span> 
     </span>
     <span class='ocr_line' id='line_1_42' title="bbox 159 2634 833 2678; baseline 0.001 -8"><span class='ocrx_word' id='word_1_230' title='bbox 159 2636 216 2671; x_wconf 82' lang='lat' dir='ltr'>ria</span> <span class='ocrx_word' id='word_1_231' title='bbox 237 2634 288 2670; x_wconf 83' lang='lat' dir='ltr'>est</span> <span class='ocrx_word' id='word_1_232' title='bbox 306 2635 346 2670; x_wconf 88' lang='lat' dir='ltr'>in</span> <span class='ocrx_word' id='word_1_233' title='bbox 362 2636 494 2670; x_wconf 84' lang='lat' dir='ltr'>Heaut.</span> <span class='ocrx_word' id='word_1_234' title='bbox 514 2635 578 2669; x_wconf 91' lang='lat' dir='ltr'>1V.</span> <span class='ocrx_word' id='word_1_235' title='bbox 607 2635 644 2672; x_wconf 89' lang='lat'>6.</span> <span class='ocrx_word' id='word_1_236' title='bbox 664 2643 719 2678; x_wconf 81' lang='lat'>31.</span> <span class='ocrx_word' id='word_1_237' title='bbox 740 2646 776 2671; x_wconf 85' lang='lat' dir='ltr'>et</span> <span class='ocrx_word' id='word_1_238' title='bbox 795 2636 833 2671; x_wconf 88' lang='lat' dir='ltr'>in</span> 
     </span>
     <span class='ocr_line' id='line_1_43' title="bbox 159 2690 661 2739; baseline -0.006 -11"><span class='ocrx_word' id='word_1_239' title='bbox 159 2690 309 2728; x_wconf 81' lang='lat' dir='ltr'>Phorm.</span> <span class='ocrx_word' id='word_1_240' title='bbox 332 2691 370 2726; x_wconf 89' lang='lat' dir='ltr'>in</span> <span class='ocrx_word' id='word_1_241' title='bbox 393 2691 486 2739; x_wconf 83' lang='lat' dir='ltr'>prol.</span> <span class='ocrx_word' id='word_1_242' title='bbox 510 2704 541 2724; x_wconf 93' lang='lat' dir='ltr'>v.</span> <span class='ocrx_word' id='word_1_243' title='bbox 568 2699 622 2733; x_wconf 84' lang='grc'>13.</span> <span class='ocrx_word' id='word_1_244' title='bbox 652 2692 661 2703; x_wconf 86' lang='grc'><em>“</em></span> 
     </span>
    </p>

    <p class='ocr_par' dir='ltr' id='par_1_24' title="bbox 211 2748 835 2794">
     <span class='ocr_line' id='line_1_44' title="bbox 211 2748 835 2794; baseline 0.003 -10"><span class='ocrx_word' id='word_1_245' title='bbox 211 2755 266 2791; x_wconf 80' lang='lat'>13.</span> <span class='ocrx_word' id='word_1_246' title='bbox 295 2748 562 2794; x_wconf 67' lang='lat' dir='ltr'>conspofitum]</span> <span class='ocrx_word' id='word_1_247' title='bbox 612 2750 835 2794; x_wconf 79' lang='lat' dir='ltr'>componere</span> 
     </span>
    </p>
   </div>
   <div class='ocr_carea' id='block_1_23' title="bbox 903 1719 1590 2740">
    <p class='ocr_par' dir='ltr' id='par_1_25' title="bbox 903 1719 1586 2163">
     <span class='ocr_line' id='line_1_45' title="bbox 905 1719 1582 1769; baseline 0.004 -14"><span class='ocrx_word' id='word_1_248' title='bbox 905 1720 955 1756; x_wconf 82' lang='lat' dir='ltr'>est</span> <span class='ocrx_word' id='word_1_249' title='bbox 975 1720 1156 1768; x_wconf 82' lang='lat' dir='ltr'>quidlibet</span> <span class='ocrx_word' id='word_1_250' title='bbox 1179 1719 1242 1769; x_wconf 81' lang='lat' dir='ltr'>sno</span> <span class='ocrx_word' id='word_1_251' title='bbox 1275 1720 1359 1756; x_wconf 86' lang='lat' dir='ltr'>loco</span> <span class='ocrx_word' id='word_1_252' title='bbox 1387 1732 1424 1758; x_wconf 88' lang='lat' dir='ltr'>et</span> <span class='ocrx_word' id='word_1_253' title='bbox 1451 1722 1582 1758; x_wconf 84' lang='lat' dir='ltr'>ordine</span> 
     </span>
     <span class='ocr_line' id='line_1_46' title="bbox 903 1778 1583 1824; baseline 0.007 -13"><span class='ocrx_word' id='word_1_254' title='bbox 903 1791 1052 1824; x_wconf 83' lang='lat' dir='ltr'>ponere.</span> <span class='ocrx_word' id='word_1_255' title='bbox 1104 1778 1291 1824; x_wconf 86' lang='lat' dir='ltr'>Quoniam</span> <span class='ocrx_word' id='word_1_256' title='bbox 1320 1793 1402 1814; x_wconf 91' lang='lat' dir='ltr'>vero</span> <span class='ocrx_word' id='word_1_257' title='bbox 1424 1794 1466 1814; x_wconf 88' lang='lat' dir='ltr'>ex</span> <span class='ocrx_word' id='word_1_258' title='bbox 1484 1780 1583 1816; x_wconf 88' lang='lat' dir='ltr'>ordi-</span> 
     </span>
     <span class='ocr_line' id='line_1_47' title="bbox 904 1835 1580 1878; baseline 0.007 -9"><span class='ocrx_word' id='word_1_259' title='bbox 904 1850 951 1870; x_wconf 88' lang='lat' dir='ltr'>ne</span> <span class='ocrx_word' id='word_1_260' title='bbox 987 1835 1139 1870; x_wconf 79' lang='lat' dir='ltr'>deceme</span> <span class='ocrx_word' id='word_1_261' title='bbox 1172 1836 1389 1871; x_wconf 84' lang='lat' dir='ltr'>conciliatur</span> <span class='ocrx_word' id='word_1_262' title='bbox 1420 1849 1580 1878; x_wconf 77' lang='lat' dir='ltr'>ornatus.</span> 
     </span>
     <span class='ocr_line' id='line_1_48' title="bbox 905 1891 1586 1942; baseline 0.004 -15"><span class='ocrx_word' id='word_1_263' title='bbox 905 1906 1123 1937; x_wconf 84' lang='lat' dir='ltr'>componere</span> <span class='ocrx_word' id='word_1_264' title='bbox 1151 1891 1255 1939; x_wconf 83' lang='lat' dir='ltr'>saepe</span> <span class='ocrx_word' id='word_1_265' title='bbox 1287 1893 1421 1929; x_wconf 69' lang='lat' dir='ltr'>dicitur</span> <span class='ocrx_word' id='word_1_266' title='bbox 1442 1909 1507 1942; x_wconf 92' lang='lat' dir='ltr'>pro</span> <span class='ocrx_word' id='word_1_267' title='bbox 1530 1909 1586 1930; x_wconf 87' lang='lat' dir='ltr'>or·</span> 
     </span>
     <span class='ocr_line' id='line_1_49' title="bbox 906 1949 1585 1994; baseline 0.003 -10"><span class='ocrx_word' id='word_1_268' title='bbox 906 1962 1004 1984; x_wconf 82' lang='lat' dir='ltr'>nare.</span> <span class='ocrx_word' id='word_1_269' title='bbox 1028 1949 1137 1985; x_wconf 79' lang='lat' dir='ltr'>ovid.</span> <span class='ocrx_word' id='word_1_270' title='bbox 1151 1953 1273 1985; x_wconf 86' lang='lat' dir='ltr'>Amor.</span> <span class='ocrx_word' id='word_1_271' title='bbox 1294 1952 1340 1985; x_wconf 87' lang='lat'>11.</span> <span class='ocrx_word' id='word_1_272' title='bbox 1366 1963 1416 1994; x_wconf 85' lang='grc'>17.</span> <span class='ocrx_word' id='word_1_273' title='bbox 1442 1964 1495 1986; x_wconf 91' lang='grc' dir='ltr'>1ο.</span> <span class='ocrx_word' id='word_1_274' title='bbox 1516 1966 1585 1989; x_wconf 80' lang='lat' dir='ltr'>nec</span> 
     </span>
     <span class='ocr_line' id='line_1_50' title="bbox 906 2007 1586 2055; baseline 0.003 -12"><span class='ocrx_word' id='word_1_275' title='bbox 906 2010 948 2043; x_wconf 85' lang='lat' dir='ltr'>ni</span> <span class='ocrx_word' id='word_1_276' title='bbox 966 2022 977 2041; x_wconf 83' lang='lat'><em>1</em></span> <span class='ocrx_word' id='word_1_277' title='bbox 1000 2007 1239 2053; x_wconf 74' lang='lat' dir='ltr'>compositam</span> <span class='ocrx_word' id='word_1_278' title='bbox 1251 2012 1292 2055; x_wconf 76' lang='lat' dir='ltr'>fi·</span> <span class='ocrx_word' id='word_1_279' title='bbox 1308 2012 1417 2053; x_wconf 78' lang='lat' dir='ltr'>prius</span> <span class='ocrx_word' id='word_1_280' title='bbox 1435 2010 1507 2045; x_wconf 83' lang='lat' dir='ltr'>illa</span> <span class='ocrx_word' id='word_1_281' title='bbox 1527 2012 1586 2045; x_wconf 80' lang='lat' dir='ltr'>vi-</span> 
     </span>
     <span class='ocr_line' id='line_1_51' title="bbox 907 2065 1585 2103; baseline 0.001 -3"><span class='ocrx_word' id='word_1_282' title='bbox 907 2066 982 2100; x_wconf 77' lang='lat' dir='ltr'>det.</span> <span class='ocrx_word' id='word_1_283' title='bbox 1013 2077 1044 2103; x_wconf 70' lang='lat' dir='ltr'>v,</span> <span class='ocrx_word' id='word_1_284' title='bbox 1065 2065 1263 2099; x_wconf 87' lang='lat' dir='ltr'>Burmann.</span> <span class='ocrx_word' id='word_1_285' title='bbox 1294 2065 1340 2099; x_wconf 91' lang='lat' dir='ltr'>ad</span> <span class='ocrx_word' id='word_1_286' title='bbox 1370 2066 1480 2101; x_wconf 83' lang='lat' dir='ltr'>Ovid.</span> <span class='ocrx_word' id='word_1_287' title='bbox 1506 2067 1585 2101; x_wconf 87' lang='lat' dir='ltr'>Me-</span> 
     </span>
     <span class='ocr_line' id='line_1_52' title="bbox 907 2122 1182 2163; baseline -0.007 -6"><span class='ocrx_word' id='word_1_288' title='bbox 907 2131 993 2157; x_wconf 86' lang='lat' dir='ltr'>tam.</span> <span class='ocrx_word' id='word_1_289' title='bbox 1017 2122 1080 2156; x_wconf 89' lang='lat' dir='ltr'>IV.</span> <span class='ocrx_word' id='word_1_290' title='bbox 1103 2129 1182 2163; x_wconf 79' lang='lat'>318.</span> 
     </span>
    </p>

    <p class='ocr_par' dir='ltr' id='par_1_26' title="bbox 907 2174 1590 2453">
     <span class='ocr_line' id='line_1_53' title="bbox 958 2174 1586 2225; baseline 0 -12"><span class='ocrx_word' id='word_1_291' title='bbox 958 2185 1010 2222; x_wconf 73' lang='lat'>14.</span> <span class='ocrx_word' id='word_1_292' title='bbox 1034 2174 1249 2225; x_wconf 63' lang='lat' dir='ltr'>liguriunt]</span> <span class='ocrx_word' id='word_1_293' title='bbox 1300 2179 1324 2213; x_wconf 89' lang='lat' dir='ltr'>i.</span> <span class='ocrx_word' id='word_1_294' title='bbox 1352 2191 1384 2214; x_wconf 84' lang='lat' dir='ltr'>e.</span> <span class='ocrx_word' id='word_1_295' title='bbox 1412 2191 1494 2213; x_wconf 88' lang='lat' dir='ltr'>cum</span> <span class='ocrx_word' id='word_1_296' title='bbox 1515 2178 1586 2214; x_wconf 84' lang='lat' dir='ltr'>ele-</span> 
     </span>
     <span class='ocr_line' id='line_1_54' title="bbox 909 2234 1586 2282; baseline 0.001 -12"><span class='ocrx_word' id='word_1_297' title='bbox 909 2237 1031 2282; x_wconf 77' lang='lat' dir='ltr'>gantia</span> <span class='ocrx_word' id='word_1_298' title='bbox 1068 2246 1103 2270; x_wconf 88' lang='lat' dir='ltr'>et</span> <span class='ocrx_word' id='word_1_299' title='bbox 1141 2235 1286 2270; x_wconf 73' lang='lat' dir='ltr'>fastidio</span> <span class='ocrx_word' id='word_1_300' title='bbox 1329 2234 1431 2270; x_wconf 86' lang='lat' dir='ltr'>cibos</span> <span class='ocrx_word' id='word_1_301' title='bbox 1462 2236 1586 2271; x_wconf 66' lang='lat' dir='ltr'>Iuavea</span> 
     </span>
     <span class='ocr_line' id='line_1_55' title="bbox 909 2292 1586 2344; baseline 0.001 -16"><span class='ocrx_word' id='word_1_302' title='bbox 909 2293 1110 2340; x_wconf 80' lang='lat' dir='ltr'>degustant.</span> <span class='ocrx_word' id='word_1_303' title='bbox 1141 2305 1172 2326; x_wconf 87' lang='lat' dir='ltr'>v.</span> <span class='ocrx_word' id='word_1_304' title='bbox 1196 2293 1333 2327; x_wconf 90' lang='lat' dir='ltr'>Donat.</span> <span class='ocrx_word' id='word_1_305' title='bbox 1360 2292 1404 2327; x_wconf 88' lang='lat' dir='ltr'>ad</span> <span class='ocrx_word' id='word_1_306' title='bbox 1432 2292 1470 2327; x_wconf 92' lang='lat' dir='ltr'>h.</span> <span class='ocrx_word' id='word_1_307' title='bbox 1497 2293 1523 2329; x_wconf 91' lang='lat' dir='ltr'>l.</span> <span class='ocrx_word' id='word_1_308' title='bbox 1549 2304 1586 2344; x_wconf 74' lang='lat' dir='ltr'>et</span> 
     </span>
     <span class='ocr_line' id='line_1_56' title="bbox 907 2349 1585 2394; baseline -0.001 -8"><span class='ocrx_word' id='word_1_309' title='bbox 907 2350 1065 2386; x_wconf 80' lang='lat' dir='ltr'>Victorii</span> <span class='ocrx_word' id='word_1_310' title='bbox 1088 2351 1172 2384; x_wconf 86' lang='lat' dir='ltr'>Var.</span> <span class='ocrx_word' id='word_1_311' title='bbox 1202 2349 1352 2387; x_wconf 82' lang='lat' dir='ltr'>lection.</span> <span class='ocrx_word' id='word_1_312' title='bbox 1382 2351 1444 2385; x_wconf 88' lang='lat' dir='ltr'>IX.</span> <span class='ocrx_word' id='word_1_313' title='bbox 1470 2360 1520 2394; x_wconf 80' lang='grc'>15.</span> <span class='ocrx_word' id='word_1_314' title='bbox 1541 2351 1585 2386; x_wconf 82' lang='grc' dir='ltr'>Εἰ</span> 
     </span>
     <span class='ocr_line' id='line_1_57' title="bbox 908 2406 1590 2453; baseline 0.004 -11"><span class='ocrx_word' id='word_1_315' title='bbox 908 2421 994 2442; x_wconf 89' lang='lat' dir='ltr'>mox</span> <span class='ocrx_word' id='word_1_316' title='bbox 1016 2420 1046 2441; x_wconf 90' lang='lat' dir='ltr'>v.</span> <span class='ocrx_word' id='word_1_317' title='bbox 1074 2420 1125 2451; x_wconf 88' lang='lat'>17.</span> <span class='ocrx_word' id='word_1_318' title='bbox 1149 2406 1347 2453; x_wconf 84' lang='lat' dir='ltr'>opponitur</span> <span class='ocrx_word' id='word_1_319' title='bbox 1364 2422 1516 2445; x_wconf 79' lang='lat' dir='ltr'>vorare·</span> <span class='ocrx_word' id='word_1_320' title='bbox 1587 2435 1590 2438; x_wconf 32' lang='grc' dir='ltr'><em>ι</em></span> 
     </span>
    </p>

    <p class='ocr_par' dir='ltr' id='par_1_27' title="bbox 910 2464 1587 2740">
     <span class='ocr_line' id='line_1_58' title="bbox 959 2464 1585 2508; baseline 0 -9"><span class='ocrx_word' id='word_1_321' title='bbox 959 2473 1009 2507; x_wconf 85' lang='grc'>15.</span> <span class='ocrx_word' id='word_1_322' title='bbox 1039 2464 1234 2508; x_wconf 60' lang='lat' dir='ltr'>illuviem]</span> <span class='ocrx_word' id='word_1_323' title='bbox 1284 2465 1442 2501; x_wconf 77' lang='lat' dir='ltr'>illuvies</span> <span class='ocrx_word' id='word_1_324' title='bbox 1467 2477 1486 2499; x_wconf 86' lang='lat' dir='ltr'>a</span> <span class='ocrx_word' id='word_1_325' title='bbox 1508 2478 1585 2500; x_wconf 86' lang='lat' dir='ltr'>non</span> 
     </span>
     <span class='ocr_line' id='line_1_59' title="bbox 910 2520 1586 2558; baseline 0.003 -3"><span class='ocrx_word' id='word_1_326' title='bbox 910 2520 1067 2556; x_wconf 85' lang='lat' dir='ltr'>lavando</span> <span class='ocrx_word' id='word_1_327' title='bbox 1096 2520 1229 2555; x_wconf 87' lang='lat' dir='ltr'>dicitur</span> <span class='ocrx_word' id='word_1_328' title='bbox 1255 2531 1290 2555; x_wconf 89' lang='lat' dir='ltr'>et</span> <span class='ocrx_word' id='word_1_329' title='bbox 1322 2522 1502 2557; x_wconf 84' lang='lat' dir='ltr'>contraria</span> <span class='ocrx_word' id='word_1_330' title='bbox 1535 2522 1586 2558; x_wconf 83' lang='lat' dir='ltr'>est</span> 
     </span>
     <span class='ocr_line' id='line_1_60' title="bbox 1183 2577 1587 2612; baseline 0.002 -1"><span class='ocrx_word' id='word_1_331' title='bbox 1183 2577 1387 2612; x_wconf 73' lang='lat' dir='ltr'>Deteriores</span> <span class='ocrx_word' id='word_1_332' title='bbox 1416 2577 1498 2612; x_wconf 82' lang='lat' dir='ltr'>libri</span> <span class='ocrx_word' id='word_1_333' title='bbox 1523 2577 1587 2612; x_wconf 85' lang='lat' dir='ltr'>ha-</span> 
     </span>
     <span class='ocr_line' id='line_1_61' title="bbox 910 2634 1583 2682; baseline -0.003 -11"><span class='ocrx_word' id='word_1_334' title='bbox 910 2636 998 2671; x_wconf 82' lang='lat' dir='ltr'>bent</span> <span class='ocrx_word' id='word_1_335' title='bbox 1018 2638 1229 2682; x_wconf 75' lang='lat' dir='ltr'>ingluviem</span> <span class='ocrx_word' id='word_1_336' title='bbox 1247 2634 1270 2668; x_wconf 88' lang='lat' dir='ltr'>i.</span> <span class='ocrx_word' id='word_1_337' title='bbox 1296 2647 1325 2670; x_wconf 85' lang='lat' dir='ltr'>e.</span> <span class='ocrx_word' id='word_1_338' title='bbox 1337 2635 1583 2671; x_wconf 76' lang='lat' dir='ltr'>voracitatem.</span> 
     </span>
     <span class='ocr_line' id='line_1_62' title="bbox 910 2690 1356 2740; baseline -0.009 -11"><span class='ocrx_word' id='word_1_339' title='bbox 910 2706 945 2732; x_wconf 78' lang='lat' dir='ltr'>v.</span> <span class='ocrx_word' id='word_1_340' title='bbox 969 2694 1180 2740; x_wconf 71' lang='lat' dir='ltr'>interpretes</span> <span class='ocrx_word' id='word_1_341' title='bbox 1206 2690 1254 2727; x_wconf 78' lang='lat' dir='ltr'>ad.</span> <span class='ocrx_word' id='word_1_342' title='bbox 1270 2690 1309 2727; x_wconf 86' lang='lat' dir='ltr'>h.</span> <span class='ocrx_word' id='word_1_343' title='bbox 1329 2690 1356 2726; x_wconf 91' lang='lat' dir='ltr'>l.</span> 
     </span>
    </p>
   </div>
   <div class='ocr_carea' id='block_1_24' title="bbox 910 2578 1120 2613">
    <p class='ocr_par' dir='ltr' id='par_1_28' title="bbox 910 2578 1120 2613">
     <span class='ocr_line' id='line_1_63' title="bbox 910 2578 1120 2613; baseline 0 0"><span class='ocrx_word' id='word_1_344' title='bbox 910 2578 1120 2613; x_wconf 78' lang='lat' dir='ltr'>munditiei.</span> 
     </span>
    </p>
   </div>
  </div>
 </body>
</html>
