1760 3086
1573 118 1615 167 5.

181 256 386 312 floccus.
465 253 842 315 Quotiescunque
877 257 998 296 enim
1026 252 1354 300 recitabantur,
1382 258 1477 293 erat
1506 264 1599 293 mo-

51 360 53 367 s
101 377 110 385 ·
127 331 142 344 ·
182 327 382 379 &laton
404 333 450 368 et
471 324 568 374 alii,
602 327 676 379 qui
695 322 818 381 gestu
845 327 1048 382 corporis
1072 322 1260 366 eosdem
1280 321 1474 364 affectus
1499 334 1598 379 age-

181 397 306 442 bunt.
387 394 637 439 Comoedia
666 396 787 451 'enim
814 396 876 436 ita
909 391 1104 442 constat,
1144 401 1195 435 ut
1223 406 1314 437 non
1343 405 1416 433 res
1450 389 1596 448 gestas

42 476 49 490 ·’
114 514 117 519 4
179 473 339 511 narret
356 474 486 508 more
513 462 801 507 historiarum
837 464 921 519 ²²),
952 463 1026 506 sed
1047 478 1104 505 ex
1132 451 1434 504 collocutione
1453 459 1601 517 perso·

180 550 344 583 narum
373 548 448 578 res
480 534 601 593 gesta
632 532 1061 592 comprehenditur,
1095 530 1210 588 quafi
1240 534 1361 573 inter
1392 543 1470 576 eos
1500 540 1600 573 tum

179 614 354 666 agatur·
383 603 487 648 Hoc
511 619 690 660 quoque
713 604 984 652 notandum,
1004 607 1105 659 quia
1124 617 1217 645 non
1238 603 1407 659 absque
1425 613 1476 642 re
1494 603 1600 642 ima-

138 734 141 736 v
181 681 310 738 gines
338 674 645 720 Terentianae
663 674 850 732 turgido
872 684 917 715 et
941 672 1096 716 inflato
1123 686 1200 714 ore
1221 675 1487 729 pinguntur.
1525 669 1603 712 Fa-

149 779 153 783 -
182 747 347 791 cundia
365 748 486 788 enim
506 755 552 786 et
563 743 755 786 affluens
779 743 1031 798 eloquentia
1044 741 1350 785 comicorum²
1365 744 1400 796 ³)
1413 754 1496 799 per
1508 738 1597 783 hoc

120 848 123 852 -
179 818 403 864 innuitur,
434 817 537 870 quia
557 814 751 860 vattuose
769 814 836 868 ²⁴)
861 813 1132 869 loquuntur;
1169 811 1306 859 unde,
1326 808 1543 853 Horatius

451 895 643 941 lutusque
664 893 841 929 Chremes
859 893 1003 929 tumido
1022 893 1190 938 delitigat
1209 904 1282 926 ore.

174 961 380 1006 ‘Nomina
417 970 567 1005 autem
607 961 859 1006 fabularum
898 949 982 1005 h've
1017 961 1241 1003 librorum
1272 945 1609 1000 'huius⁸comici

180 1031 284 1078 sunt
321 1029 423 1076 ista:
455 1029 659 1079 Andria,
701 1030 983 1080 Eunuchus,
1043 1030 1616 1074 Heautontimorumenos,-

181 1099 419 1159 Adeiphe,
461 1099 665 1160 Hecyra,
703 1098 934 1142 Phormio.
966 1101 1034 1155 ²⁵)
1093 1098 1190 1141 Sed
1211 1111 1331 1140 nunc
1352 1096 1409 1138 de
1428 1093 1607 1138 Andria

118 1191 121 1193 >
182 1171 434 1222 videamus.
480 1201 483 1203 >

322 1238 504 1282 Andria
519 1226 668 1295 prima
686 1236 836 1280 fabula
856 1236 962 1280 ideo
984 1247 1185 1286 vocatur,
1210 1251 1263 1278 eo
1286 1234 1485 1293 quod-ex
1507 1233 1603 1276 An·-

172 1308 268 1353 ’ἀτο
295 1307 434 1352 insula
462 1307 747 1351 Graecorum
779 1302 955 1350 venerit
975 1305 1160 1367 Chrysis
1185 1306 1354 1348 femina
1377 1302 1606 1352 Athenas,

168 1376 396 1435 “ubi“haec
418 1386 517 1420 acta
536 1377 809 1426 referuntur,
840 1386 885 1420 et
906 1394 1009 1420 cum
1035 1374 1253 1436 Chryside
1276 1374 1374 1421 alia,
1397 1387 1510 1428 quae
1529 1387 1606 1416 vo-

187 1451 376 1511 cabatur
395 1446 679 1507 Glycerium,
712 1461 815 1490 cum
835 1463 926 1490 non
959 1446 1071 1490 esset·
1090 1461 1147 1488 ex
1175 1445 1339 1487 Andro
1360 1442 1433 1485 sed
1452 1446 1606 1501 potius

185 1517 491 1579 Athenienfis‚
523 1515 642 1569 ficut„
658 1517 974 1572 consequentia
995 1513 1295 1559 manifestant.
1352 1513 1611 1571 Argumen-

54 1581 87 1605 ”
149 1591 156 1597 ’
187 1597 287 1633 tum
314 1591 455 1632 totius
485 1585 665 1634 fabulae
696 1584 811 1628 istud
840 1586 913 1628 est.

326 1656 453 1700 Bello
482 1665 644 1699 exorto
668 1654 861 1698 Athenis
885 1655 1108 1699 Chremes
1144 1654 1326 1710 quidam
1356 1650 1611 1695 Athenien-

125 1756 140 1762 κ
185 1726 268 1777 fis,
300 1727 472 1770 relictis
494 1726 732 1773 omnibus,
767 1725 820 1766 ad
844 1725 927 1767 alia
947 1725 1230 1782 demigravit.
1297 1723 1437 1766 Cuius
1465 1722 1610 1764 frater

179 1797 380 1849 Phania,
408 1799 484 1853 qui
503 1795 753 1839 Rannufius
780 1795 930 1838 dictus
956 1794 1040 1843 est,
1073 1797 1296 1851 accipiens
1319 1790 1454 1834 filiam
1473 1791 1610 1839 illius,

183 1876 373 1927 neptem
394 1864 606 1911 videlicet
636 1854 974 1908 suam‘nomine
1004 1863 1289 1910 Pasfibulam,
1319 1876 1430 1917 quae
1457 1861 1611 1919 postea

186 1937 449 1998 Glycerium
478 1935 600 1978 dicta
630 1935 717 1984 est,
758 1939 804 1978 in
837 1933 990 1977 Afiam
1018 1932 1341 1994 proficiscitur,
1386 1919 1608 1986 quaerens

186 2009 375 2052 fratrem
400 2005 524 2049 suum
563 2007 752 2048 nomine
785 2002 1094 2047 Chremetem.
1181 2002 1278 2047 Sed
1310 2015 1425 2044 nave
1454 2001 1612 2050 fracta,

177 2076 313 2123 ‘ve'nit
335 2075 461 2119 fimul
481 2090 586 2118 cum
616 2082 754 2132 nepte
787 2058 937 2116 adhue
958 2074 1168 2132 parvula,
1195 2071 1458 2117 ad.insulam
1478 2070 1614 2112 Grae-

191 2163 349 2191 corum
397 2142 865 2193 nomine-Andrum,
911 2145 1064 2200 ibique
1099 2144 1208 2186 dum
1248 2150 1504 2185 moraretur
1529 2155 1613 2200 per

191 2217 361 2274 aliquot
385 2216 483 2259 dies
505 2218 550 2257 in
572 2211 765 2272 hospitio
789 2214 1024 2256 cuiusdam
1049 2218 1131 2258 viri
1157 2217 1231 2269 qui
1250 2211 1447 2255 habebat
1476 2211 1610 2254 filiam

192 2283 740 2345 vocabuloChryfidem-,
768 2292 917 2326 morte
947 2292 1223 2342 praeventus
1259 2282 1335 2324 est.
1384 2282 1481 2325 Nec
1504 2283 1614 2325 mul-

159 2401 168 2404 ,
192 2368 243 2401 to
281 2355 386 2416 post
426 2363 562 2413 pater-
587 2352 817 2413 Chrysidis
858 2368 1036 2409 quoque
1078 2356 1288 2396 moritur.
1349 2347 1476 2395 Tum
1511 2352 1615 2395 illae

193 2427 309 2472 duae
330 2425 506 2486 puellae
527 2425 582 2467 ab
606 2423 770 2468 Andro
799 2422 1147 2482 proficiscentes
1162 2451 1176 2472 ‚
1221 2437 1325 2465 cum
1357 2422 1452 2466 aliis
1475 2422 1614 2482 pedis-

196 2515 201 2534 Ι

194 2573 202 2599 ;
239 2554 307 2603 22)
323 2552 552 2598 transpofite
569 2563 674 2588 more
697 2550 780 2597 bisc.
799 2562 931 2586 narr-e&
978 2551 1043 2596 23)
1058 2550 1352 2596 superscriptum
1371 2563 1395 2584 a
1420 2550 1532 2596 longe
1556 2564 1616 2586 re-

232 2624 234 2627 ·
289 2614 450 2649 emeleri
467 2625 580 2647 manu
610 2610 633 2644 i.
653 2622 684 2644 e.
707 2608 957 2643 fabulistarum
1005 2609 1069 2654 24)
1084 2606 1376 2656 ficpersbriptum
1397 2610 1442 2644 ab
1460 2612 1618 2659 antiqua

101 2673 107 2676 ”
141 2694 144 2697 Δ
171 2664 217 2710 ““,
289 2684 402 2710 manu
423 2669 597 2709 fastuose,
625 2681 661 2705 ec
688 2671 729 2706 in
747 2672 921 2715 margine
944 2670 1120 2706 additum
1143 2681 1166 2702 a
1184 2670 1387 2704 recentiori
1406 2667 1549 2703 Comici
1569 2669 1623 2704 fa-

289 2727 660 2777 stu0r0.10quunturi.
675 2741 706 2764 e.
726 2727 869 2764 tumido
886 2740 958 2763 ore.
1006 2727 1071 2773 25)
1090 2727 1170 2762 Hoc
1190 2726 1297 2762 verbo
1318 2726 1447 2763 definit
1465 2727 1593 2764 editio.
