1812 3100
377 181 477 237 244
732 216 734 218 .
868 149 1299 235 EUNU'CHU'S.
1337 199 1339 201 -

377 305 741 367 Sum“maxime·,
766 320 819 357 at
835 319 894 356 tu
916 306 968 356 id
995 326 1100 358 non
1128 306 1308 374 dignus
1332 310 1369 371 *)
1386 309 1448 373 49)
1482 309 1572 377 qui
1593 302 1788 360 facere&

731 389 910 424 tamen.

377 449 562 513 Neque
591 442 771 510 edepol
791 444 857 503 50)
893 442 1016 510 quid
1046 461 1183 493 nunc
1204 442 1391 494 confilii
1418 447 1647 512 capiam,
1661 445 1757 495 fcio
1790 472 1792 474 v

377 516 466 562 De
475 514 664 579 virgine
685 513 836 560 istac.
885 516 959 559 lta
983 511 1287 568 conturbasti
1310 511 1430 560 mihi

308 591 363 635 30
379 582 616 630 Rationes
646 580 826 636 omnis,
854 582 915 637 5¹)
949 592 1008 627 ut
1032 597 1140 627 eam
1172 597 1273 628 non
1298 579 1482 645 posfim·
1495 581 1605 639 suis,
1792 626 1795 628 .

379 654 455 697 Ita
474 662 531 697 ut
553 664 772 714 aequum
795 646 960 694 fuerat
982 659 1134 712 atque
1159 661 1214 695 ut
1236 648 1400 695 studui
1418 649 1482 706 52)
1516 647 1725 705 tradere,
1794 643 1804 693 {s

312 727 317 732 '
378 719 452 766 Ut
481 714 690 765 solidum
723 718 826 827 55)h
828 730 1057 778 parerem
1085 716 1148 774 54)
1195 714 1292 764 hoc
1331 714 1453 764 mihi
1492 714 1802 765 beneficium'

738 784 774 827 C
814 797 969 828 aerea.
992 785 1054 838 55)
1802 795 1803 799 ’

383 853 482 939 CH.
513 855 577 899 At
598 866 736 898 nunc
760 846 940 896 dehine
964 849 1100 911 spero
1125 861 1378 897 aeternam
1409 850 1539 899 inter
1559 867 1654 899 nos
1687 859 1793 915 gra
1800 836 1802 839 ⁵

879 912 925 955 56
1001 938 1004 941 >
1802 888 1812 960 Ξ

352 990 520 1045 Fore,
540 984 713 1034 Thais.
734 916 987 1112 Ξζῗέἓῗεὲθ
1009 1001 1070 1032 ex
1093 981 1386 1033 huiusmodi
1404 1000 1457 1032 re
1481 984 1721 1051 quapiam
1732 961 1812 1060 58ss

770 1065 790 1100 t
841 1060 862 1094 9

309 1131 364 1175 35
381 1120 520 1170 Malo
542 1121 791 1186 principio
813 1136 992 1184 magna
1015 1117 1324 1167 familiaritas

381 1187 609 1238 Conflata
623 1189 704 1236 est.
759 1187 891 1253 Quid
913 1184 945 1234 fi
964 1185 1061 1236 hoc
1087 1187 1335 1252 quispiam
1357 1185 1520 1236 voluit
1541 1188 1683 1235 Deus
1697 1184 1795 1250 1²6⁰)

381 1260 494 1305 TH.
526 1256 769 1322 Equidem
803 1254 929 1320 pol
917 1273 969 1301 111
998 1273 1106 1303 eam
1130 1268 1321 1320 partem
1345 1254 1562 1319 accipio,
1592 1272 1726 1322 quae
1752 1261 1776 1288 *

740 1336 790 1372 et
818 1321 962 1373 volo.
1710 1346 1713 1351 ·
1795 1357 1806 1383 2.

309 1406 315 1412 ”
387 1398 509 1445 CH.
524 1397 677 1442 Immo
700 1394 771 1441 ita
795 1391 990 1490 qugeso.
1056 1392 1227 1438 Unum
1244 1387 1342 1438 hoc
1361 1389 1505 1447 scito,
1540 1402 1812 1494 continue-s}

739 1459 834 1507 liae
888 1462 920 1516 ¹)

385 1534 507 1582 Non
525 1547 603 1578 me
624 1528 781 1577 fecisse
806 1526 974 1583 causa,
1007 1523 1084 1572 sed
1111 1525 1306 1573 amoris.
1330 1520 1394 1583 62)
1462 1527 1572 1572 ΓΗ.
1603 1525 1730 1583 Scio,
1793 1531 1804 1575 ζ

313 1614 367 1662 4ο
382 1603 443 1648 Et
469 1597 556 1664 pol
585 1608 856 1664 propterea
884 1610 1021 1641 nunc
1054 1593 1211 1657 magis
1244 1593 1441 1657 ignosco
1473 1591 1576 1640 tibi.

387 1670 507 1718 Non
532 1664 657 1713 adeo
680 1662 955 1711 inhumano
972 1658 1032 1721 63)
1068 1661 1168 1707 sum
1194 1661 1406 1724 ingenio,
1431 1659 1662 1717 Chaerea,
1684 1652 1791 1732 64)ξῖ

385 1738 569 1819 Neque
604 1733 674 1780 ita
718 1730 977 1795 imperita,
1030 1741 1089 1776 ut
1131 1726 1255 1794 quid
1299 1744 1439 1776 amor
1477 1726 1663 1786 valeat,
1715 1747 1785 1776 n⁴

743 1798 902 1846 sciam.
1796 1800 1800 1813 '¹

447 1938 487 1984 ³¹)
511 1937 600 1972 edit
630 1945 670 1970 tu
697 1933 881 1979 indignus.
928 1934 988 1979 49)
1016 1943 1090 1967 eras
1136 1931 1200 1976 50)
1225 1943 1288 1978 per
1307 1929 1432 1965 aedem
1452 1930 1607 1967 Pollucis
1655 1933 1719 1979 ὄπ’)
1744 1923 1806 1975 ιζ’

459 2000 461 2003 ’
496 1992 606 2028 cuIat.
660 1994 719 2033 52)
741 1991 914 2035 virginem
969 1989 1033 2033 53)
1061 1988 1150 2022 inte
1187 1992 1263 2031 54)
1289 1991 1492 2033 generarem
1544 1989 1612 2034 55)
1639 2002 1660 2023 ο
1683 1980 1811 2028 Cha²

492 2062 554 2086 rea
599 2048 658 2092 56)
679 2047 874 2082 amicitiam
921 2046 986 2090 57)
1007 2059 1028 2079 ο
1049 2044 1163 2080 Thais
1186 2045 1271 2093 quia
1293 2044 1420 2079 ducam
1440 2058 1584 2080 uxorem
1632 2047 1696 2093 58)
1715 2037 1806 2095 φιτιι

496 2104 586 2141 libet
632 2106 697 2152 59)
722 2116 757 2140 et
777 2118 819 2139 ex
863 2102 927 2149 60)
954 2101 1052 2149 quod
1072 2102 1223 2136 voluerit
1250 2100 1379 2148 aliquis
1400 2102 1501 2136 Deus
1547 2102 1577 2144 *)
1600 2106 1689 2140 edu
1709 2105 1784 2140 acci
1800 2089 1807 2101 ν

497 2162 634 2210 pioque
681 2162 744 2207 61>
768 2171 850 2196 tuae
895 2159 960 2202 62)
985 2158 1081 2192 illius
1103 2158 1244 2205 puellae
1290 2158 1350 2201 63)
1371 2157 1507 2193 erudeli
1551 2160 1617 2206 64)
1642 2174 1663 2195 o
1682 2161 1785 2197 Chae
1798 2159 1805 2165 ’

497 2230 559 2254 rea
605 2219 663 2261 65)
687 2216 788 2252 ficut
794 2229 860 2263 ego
880 2216 1033 2264 (fflpple
1053 2228 1132 2249 amo
1151 2215 1214 2260 te)
1800 2207 1802 2210 ’

441 2376 497 2412 29.
518 2366 749 2412 conturbasti
767 2363 856 2401 mibi
873 2365 1060 2409 rationes]
1136 2361 1185 2396 ad
1218 2361 1340 2418 Cicer..
1377 2361 1477 2410 epist.
1517 2360 1564 2396 ad
1601 2362 1707 2398 Attic.
1737 2364 1790 2400 lv

396 2423 424 2459 i.
464 2435 495 2458 e.
533 2421 754 2461 disturbasti‚
806 2421 903 2455 irrita
947 2420 1062 2456 fecisti
1141 2431 1196 2464 17.

398 2477 547 2514 confilia
571 2489 663 2512 mea.
697 2477 844 2525 Proprie
870 2480 1064 2515 conturba·
1184 2475 1238 2516 36.
1274 2473 1441 2519 conflata
1466 2474 1540 2520 est]
1605 2474 1630 2511 ἱ.
1659 2487 1691 2509 e.
1722 2478 1807 2511 con'

398 2549 440 2573 rc
466 2539 634 2572 raciones
662 2535 808 2583 proprie
844 2534 892 2569 est
917 2545 1065 2581 accepta
1140 2536 1262 2570 tracta,
1286 2542 1364 2565 orta
1382 2530 1441 2564 est.
1460 2529 1675 2577 Metaphora
1695 2531 1804 2568 duct

402 2591 561 2640 expenfis
591 2592 692 2639 paria
720 2591 837 2626 facere
859 2604 933 2626 non
955 2590 1065 2638 posse.
1143 2599 1163 2621 a
1199 2586 1374 2622 fusoribus
1412 2587 1658 2627 metallorum,
1712 2589 1796 2635 quii

402 2650 483 2685 Cic.
506 2649 551 2683 ad
564 2649 691 2695 Quint.
711 2647 807 2682 fratr.
830 2649 874 2681 II.
898 2660 949 2681 12.
972 2647 1067 2682 nihil
1143 2645 1220 2678 flari
1250 2655 1284 2679 et
1311 2644 1456 2679 conflari
1489 2644 1667 2681 dieunt-ur.
1726 2646 1806 2679 Ηο·

402 2710 471 2753 esse
495 2707 594 2755 quod
614 2698 775 2751 posthae
796 2718 903 2740 arcae
921 2707 1068 2750 nostrae
1134 2701 1309 2755 yerbum,
1358 2700 1495 2736 tametfi
1539 2701 1577 2735 in
1622 2711 1801 2748 utramquj

395 2764 548 2809 fiducia
584 2757 833 2799 conturbaret.
867 2773 899 2796 v.
925 2761 1068 2796 Manut.
1143 2768 1284 2805 partem
1313 2757 1464 2799 dicitur,
1504 2758 1660 2793 maxime
1687 2767 1799 2804 tamesv
