1812 3100
549 150 690 215 A'cr.
738 167 813 214 IV.
896 167 1071 216 Scau.
1106 166 1201 213 VH.
1303 168 1306 172 ’
1505 160 1602 226 237

167 292 336 358 THA.
354 301 538 354 Libuit.
606 301 763 363 ΤΗΒ.
799 299 917 348 Pam
926 299 1111 366 philam
1133 296 1196 356 66)
1228 316 1349 366 ergo
1370 297 1472 349 huc
1496 296 1604 347 red-

531 369 616 427 de,
650 367 735 417 nih
758 366 790 416 fi
815 372 851 430 *)
888 371 935 416 vi
964 370 1124 438 mqvis
1150 369 1286 434 eripi.
1308 367 1373 427 67)

166 430 309 493 ΕΗΒ.
347 438 468 488 Tibi
495 456 604 487 eam
627 437 829 494 reddat,
864 451 954 485 aut
970 451 1023 485 tu
1048 455 1157 485 eam
1192 451 1384 504 tangas.
1435 433 1604 485 Omni-

462 551 467 556 .
531 525 630 554 um.
650 503 714 564 68)
743 508 855 554 GN.
879 504 964 553 Ah.
990 505 1125 572 Quid
1144 502 1209 563 69)
1230 506 1337 554 3157
1358 510 1417 565 70)
1453 504 1604 554 Tace.

170 575 312 626 ΕΗΒ.
335 573 475 643 Quid
495 587 551 624 tu
579 573 670 622 tibi
693 573 802 622 vis?
845 573 995 622 ἹΗΒ.
1020 574 1121 638 E‘go
1144 592 1247 623 non
1275 588 1499 641 tangam
1497 589 1605 622 me-

463 652 468 656 '
531 641 648 692 am‘?
693 643 830 688 CHR.
867 642 1035 690 Tuam
1059 656 1227 691 autern
1253 641 1570 700 fu1cifer?7¹)

167 714 281 762 GN.
313 715 446 762 Cave
472 709 548 760 fis.
573 715 633 768 72)
670 710 844 760 Nescis
878 711 960 758 cui
997 728 1134 759 nunc
1166 709 1437 761 maledicas
1462 712 1605 761 vilo?

531 781 674 827 CHR.
712 780 830 827 Non
857 791 909 826 tu
938 777 1055 827 hinc
1079 777 1217 829 abis
1207 782 1226 812 ³

99 851 153 900 30
168 847 286 899 Scin
317 861 374 897 tu
407 860 467 897 ut
496 845 588 896 tibi
612 865 693 895 res
729 847 773 893 se
805 845 1023 894 babeat?
1074 849 1124 895 Si
1152 848 1431 915 quicquam
1452 845 1608 897 hodie

531 914 614 964 hic
644 914 824 962 turbae
850 920 921 975 73).
949 916 1136 972 teceris,
1157 919 1194 977 *)

170 979 375 1035 Faciam
399 997 459 1033 ut
476 981 630 1033 huius
655 981 753 1032 loci
776 981 978 1048 dieique
1000 984 1204 1051 meique
1225 984 1416 1050 semper
1440 982 1607 1031 memi-

535 1051 684 1100 neris.

168 1123 284 1171 GN.
322 1120 525 1168 Miseret
544 1120 616 1168 tui
640 1136 730 1175 me,
752 1121 812 1180 74)
844 1118 932 1185 qui
950 1107 1093 1167 hunc
1118 1131 1321 1168 tantum
1348 1117 1605 1168 hominem

534 1187 721 1236 facias
711 1188 965 1235 mimicum
991 1187 1094 1234 tibi.

169 1258 311 1306 CHR.
342 1257 638 1305 Diminuam
674 1260 734 1317 75)
780 1273 873 1322 ego
907 1268 1062 1321 caput
1104 1269 1248 1304 tuum
1284 1252 1460 1312 hodie,
1517 1250 1607 1302 nifi

534 1323 652 1373 abis.
726 1327 835 1373 GN.
871 1325 966 1370 Ain
991 1341 1110 1372 vero
1135 1325 1312 1373 canis?
1343 1321 1403 1382 76)

166 1394 250 1445 Sic
269 1395 307 1455 *)
337 1394 478 1460 agis?
525 1394 678 1442 THR.
702 1394 830 1459 Quis
855 1405 911 1440 tu
933 1390 1085 1439 homo
1111 1390 1200 1440 es?
1235 1391 1360 1459 quid
1383 1389 1476 1439 tibi
1497 1391 1608 1441 vis?

533 1461 661 1539 quid
685 1479 799 1510 cum
825 1458 908 1508 illa
933 1461 996 1519 77)
1030 1461 1099 1508 rei
1121 1459 1212 1509 tihi
1228 1459 1330 1510 est?

100 1532 266 1584 35CH.
308 1528 482 1580 Scibis.
547 1529 803 1595 Principio
837 1533 899 1590 78)
945 1547 1056 1577 eam
1099 1530 1191 1578 esse
1237 1530 1351 1577 dico
1387 1526 1609 1576 liberam.

532 1601 581 1644 T
584 1598 686 1646 HR
721 1598 861 1646 Hem.
929 1598 1067 1646 CHR.
1102 1598 1269 1647 Civem
1292 1597 1521 1646 Atticam.
1545 1597 1609 1655 79)

535 1665 693 1712 ΤΗΒ.
728 1666 845 1726 Hm.

169 1737 309 1787 CHR.
330 1737 498 1783 Meam
520 1733 750 1782 sororem.
786 1734 938 1782 THR.
961 1735 1031 1782 Os
1055 1732 1236 1781 durum
1262 1735 1328 1793 8⁰>
1357 1733 1495 1782 CHR.
1516 1733 1610 1780 Mi-

538 1801 626 1861 les,
662 1820 800 1851 nunc
821 1803 950 1851 adeo
975 1807 1036 1864 8¹)
1059 1802 1209 1850 edico
1228 1801 1334 1861 tibi,

233 1915 300 1963 66)
326 1925 434 1962 quam
457 1912 525 1948 tibi
561 1911 648 1948 dedi
713 1913 744 1954 ⁴¹)
769 1915 860 1949 edit.
880 1912 947 1948 nisi
993 1913 1059 1958 67)
1083 1923 1123 1947 ut
1151 1910 1303 1959 eripiam
1361 1912 1427 1958 68)
1452 1910 1613 1960 peffume

283 1974 344 2019 69)
369 1985 392 2006 ο
412 1969 590 2006 Chremes
639 1974 700 2016 7ο)
724 1971 781 2005 vel
810 1970 885 2016 agis
954 1970 1018 2016 7¹)
1053 1969 1198 2004 furcifer
1227 1970 1416 2005 dicebatur
1438 1969 1524 2003 olim
1550 1969 1614 2017 qui
1662 1993 1667 1998 -

283 2029 332 2064 ob
369 2028 447 2063 leve
486 2037 675 2074 peccatum
716 2027 912 2072 coge-batur
950 2026 993 2060 ab
1032 2027 1245 2062 hominibus
1277 2028 1502 2073 ignominiae
1541 2040 1616 2061 ma-

281 2086 335 2134 gis
355 2098 463 2134 quam
489 2085 658 2132 supplicii
681 2085 784 2120 caula
807 2086 943 2119 furcam
972 2085 1067 2118 circa
1087 2085 1178 2120 viam
1202 2096 1344 2132 portare
1363 2085 1613 2132 praedicando

282 2154 474 2192 peccatum
498 2141 600 2176 suum
648 2145 712 2187 72)
740 2141 766 2177 fi
789 2143 840 2177 vis
908 2145 968 2188 73)
994 2142 1210 2177 turbationis
1266 2144 1302 2190 ⁴¹)
1328 2146 1420 2180 edic.
1451 2144 1613 2191 cooperis

284 2200 350 2246 74)
377 2199 487 2234 doleo
510 2199 555 2234 de
575 2210 610 2234 te
658 2200 722 2246 75)
743 2199 907 2246 frangam
958 2200 1022 2246 76)
1048 2198 1264 2246 supplicium
1299 2213 1428 2235 canum
1451 2202 1613 2240 minaris.

285 2257 384 2305 quod
400 2255 473 2303 ipse
495 2269 621 2290 canem
642 2270 722 2292 eum
742 2271 847 2292 voces
895 2258 931 2302 ⁴¹)
950 2259 1040 2292 edie-
1063 2257 1193 2291 siccine
1242 2262 1300 2303 77)
1313 2259 1435 2306 puelia
1483 2264 1541 2306 78)
1561 2259 1615 2293 in-

281 2313 412 2363 primis
460 2313 525 2360 79)
552 2312 622 2348 esse
669 2316 736 2362 80)
756 2315 953 2363 impudens
1009 2318 1070 2357 8¹)
1092 2315 1261 2350 multum.

179 2435 380 2475 meretricis
411 2435 480 2474 est,
516 2449 680 2473 venerem
708 2451 788 2473 cum
815 2454 858 2475 eo
936 2441 998 2476 bet
1026 2440 1097 2474 vim
1121 2439 1340 2482 indignandi
1363 2440 1399 2475 in
1419 2440 1485 2476 Ad.
1508 2442 1553 2476 11.
1581 2454 1613 2476 ι.

179 2479 360 2532 exercebs.
432 2495 532 2528 Haec
565 2494 672 2530 verba
702 2495 859 2532 Thraso·
935 2507 992 2541 51.
1024 2513 1124 2546 egon
1162 2497 1410 2534 debacchatus
1429 2502 1515 2545 sum
1547 2513 1614 2535 aa-

175 2553 235 2589 nis
262 2551 366 2590 lunt.
401 2563 472 2584 non
509 2550 688 2595 Thaidis,
729 2554 787 2588 cui
818 2554 857 2590 in
936 2569 1018 2593 cem.

177 2607 374 2646 editionib.
409 2607 628 2644 tribuuntur.
662 2622 693 2647 v,
734 2611 855 2648 Bentl.
980 2621 1035 2655 31.
1055 2613 1205 2654 faciam
1234 2612 1329 2657 cta]
1378 2612 1440 2647 Sic
1470 2613 1616 2647 minan-

178 2667 227 2702 ιδ
245 2667 283 2702 h.
307 2667 331 2701 l.
692 2705 697 2711 ,
932 2680 986 2704 tes
1021 2669 1232 2715 loquuntur.
1264 2669 1343 2706 Liv.
1380 2670 1513 2704 XXXI.
1556 2678 1611 2711 18.

223 2731 280 2765 28.
301 2722 452 2766 autem]
503 2733 628 2757 autem
653 2721 689 2758 iu
711 2722 856 2770 respon·
932 2727 994 2761 ubi
1013 2739 1042 2760 v.
1070 2726 1233 2762 Gronov.

175 2777 297 2821 none,
323 2791 417 2827 quae
437 2778 478 2813 fit
496 2778 769 2824 interrogando,
790 2781 854 2816 ha·
976 2786 1034 2827 36.
1061 2797 1105 2820 os
1130 2783 1291 2828 durum]
1339 2799 1381 2821 os
1400 2786 1534 2823 durum
1556 2786 1612 2822 di-
