1812 3100
268 196 362 227 202
753 181 1183 234 EUNUCHUS.

192 326 244 367 50
260 314 355 362 Ubi
378 309 658 362 'nominabit
677 311 991 374 Phaedriam,
1025 329 1081 365 tu
1112 317 1422 385 Pamphilam
1471 327 1474 331 ’
1509 335 1515 343 ·

263 382 529 428 Continuo.
594 381 644 428 Si
670 382 874 447 quando
905 382 989 433 illa
1014 387 1078 444 ²4)
1117 385 1250 435 dicet
1279 386 1572 441 Phaedriam

261 449 591 496 Intromittarn
613 452 671 509 25)
706 451 1036 511 comel'satum,
1058 450 1118 514 26)
1148 453 1455 521 Pamphilam
1479 456 1517 516 *)
1544 447 1607 518 27‘)

265 519 530 563 Cantatum
554 514 899 580 proVocemus.
968 522 1018 569 Si
1045 519 1273 570 laudabit
1293 522 1417 571 haec
1437 523 1500 582 ²8)

263 581 401 631 Illius
425 589 484 643 ²9)
518 583 753 641 sormam,
787 598 840 632 tu
862 583 1013 636 huius
1035 593 1094 650 3⁰)
1133 602 1321 638 contra.
1371 591 1604 657 Denique

120 710 123 712 v
192 660 244 701 55
258 653 354 697 Par
376 668 468 715 pro
489 653 597 716 pari
618 651 812 709 referto,
835 654 898 712 3¹)
933 655 1075 720 quod
1096 673 1203 705 eam
1230 656 1468 706 mordeat.

264 720 375 766 TH.
418 719 471 768 Si
500 718 703 785 quidem
734 736 813 767 me
850 735 1060 781 amaret,
1121 737 1232 773 tum
1271 725 1396 774 istuc
1426 722 1671 792 prodesset

616 785 828 836 Gnatho.
853 792 914 842 52)
1258 836 1260 838 ,

261 855 368 903 GN.
398 852 612 919 Quando
635 851 760 913 illud
791 855 933 920 quod-
960 869 1017 905 tu
1049 856 1138 907 das
1164 870 1404 923 expectat
1423 860 1669 926 &Juque

618 934 765 978 amat,

260 993 362 1037 Iam
388 987 577 1037 dudum
602 1002 651 1038 te
673 1001 830 1046 amat,
863 990 961 1037 iam
994 990 1182 1040 dudum
1213 990 1283 1040 illi
1306 989 1450 1041 facile
1481 989 1540 1040 fit
1660 1045 1663 1047 ,

258 1056 412 1124 Quod
445 1055 634 1115 doleat,
674 1069 863 1105 metuet
889 1060 928 1120 *)
984 1059 1172 1125 semper
1202 1077 1354 1125 quem
1390 1059 1494 1124 ipsa
1530 1073 1669 1108 nunc

617 1142 678 1173 ca
715 1137 754 1172 it

192 1203 244 1245 60
260 1195 515 1250 Fructum,
537 1196 596 1249 34)
628 1143 921 1259 nepquando
943 1194 1101 1242 iratus
1124 1206 1180 1241 tu
1202 1191 1303 1242 alio
1325 1193 1567 1242 conferas.

259 1264 369 1308 TH.
403 1264 539 1308 Bene
569 1260 716 1316 dixti,
748 1273 800 1308 at
828 1260 948 1308 mihi
979 1262 1100 1310 istuc
1130 1279 1234 1309 non
1262 1261 1317 1309 in
1347 1274 1564 1310 mentem
1589 1275 1668 1310 ve-

619 1340 771 1376 nerat.
1051 1381 1055 1388 ι

261 1400 368 1446 GN.
399 1394 696 1445 Ridiculum.
716 1397 777 1459 3³3)
813 1413 913 1443 non
938 1393 1068 1443 enini
1089 1396 1349 1463 cogitaras.
1400 1398 1632 1444 Ceterum

256 1465 389 1514 Idem
425 1478 533 1513 tute
574 1463 671 1512 hoc
724 1461 901 1563 melgus
955 1478 1148 1529 quanto
1199 1462 1458 1522 invenisses
1508 1465 1557 1509 T
1559 1460 1666 1510 hra-

614 1532 696 1580 so‘?
721 1533 761 1592 *)
792 1535 814 1570 3
841 1538 854 1585 )

261 1669 329 1728 (A
342 1687 411 1715 CT
423 1689 449 1716 u
470 1690 506 1719 s.
547 1667 621 1715 ΠΙ.
697 1670 728 1716 S
743 1686 768 1714 c
786 1688 809 1715 E
824 1688 855 1715 N
873 1689 909 1715 A.
952 1669 1031 1722 ΙΙ.)
1129 1668 1337 1715 THAIS.
1391 1633 1667 1713 THRASO.

661 1738 755 1785 GN
760 1738 958 1783 ATHO.
988 1735 1204 1783 PARME
1213 1735 1310 1782 ΝΟ.

255 1843 304 1887 T
307 1841 462 1887 HAIS.
485 1841 545 1896 57)
579 1835 766 1884 Audire
785 1853 958 1885 vocem
980 1837 1078 1883 visa
1103 1836 1206 1882 sum
1226 1833 1376 1883 modo
1398 1831 1569 1883 militis

254 1914 420 1974 Atque
442 1923 629 1955 eccum.
664 1902 808 1952 Salve
831 1905 898 1950 mi
920 1902 1122 1952 Thraso.
1147 1906 1207 1966 38)
1263 1903 1415 1978 THR.
1435 1903 1479 1948 Ο
1501 1898 1664 1947 Thais

610 1989 721 2018 l'nea

316 2083 382 2130 24)
417 2081 532 2117 Thais
581 2084 642 2123 25).
669 2079 950 2116 intromittamus
1008 2080 1070 2121 26).
1103 2078 1150 2114 ad
1181 2079 1444 2115 convivandum
1507 2077 1544 2122 ⁴)
1573 2074 1667 2112 edic.

359 2142 569 2186 praemittit
582 2149 619 2172 tu
665 2139 729 2183 27)
750 2147 786 2171 tu
808 2136 904 2171 dices
928 2136 1028 2171 istam
1049 2137 1207 2184 puellam
1252 2138 1316 2183 28)
1335 2136 1450 2172 Thais
1475 2137 1534 2181 29)
1554 2133 1665 2168 Phae·

360 2196 460 2231 driae
502 2197 585 2241 ⁸30)
610 2194 818 2241 Pamphilae
866 2193 929 2239 3¹)
955 2194 988 2228 ei
1037 2196 1100 2240 32)
1124 2207 1146 2229 o
1166 2194 1315 2230 Gnatho
1372 2197 1430 2236 33)
1456 2190 1665 2226 ammiratur

363 2253 394 2294 ⁴¹)
427 2254 513 2289 edic.
548 2252 676 2287 metuit
735 2254 793 2294 34)
818 2250 953 2284 coitum
983 2251 1037 2285 vel
1062 2264 1213 2287 munera.
1279 2251 1342 2296 35)
1371 2263 1426 2286 res
1457 2246 1526 2284 risu
1552 2246 1663 2291 digna

308 2337 313 2342 .
360 2309 396 2355 ⁴)
416 2312 577 2346 deletum
595 2312 645 2355 est:
654 2308 806 2357 signum
823 2309 1003 2354 interrog.
1052 2310 1109 2350 36)
1131 2308 1157 2343 fi
1178 2306 1360 2353 cogitasses
1407 2309 1466 2351 37)
1477 2301 1663 2339 Thrasone

360 2367 527 2401 veniente
548 2379 629 2400 cum
650 2364 800 2413 parasito
821 2363 866 2397 ad
886 2363 1034 2397 domum
1047 2364 1216 2404 Thaidis,
1242 2364 1340 2400 illius
1358 2376 1481 2398 vocem
1493 2370 1664 2405 recogno·
1739 2373 1742 2376 ·
1797 2368 1800 2375 ’

360 2424 411 2459 vit
431 2424 547 2458 Thais
566 2423 670 2470 eique
689 2419 949 2467 gratulabunda
970 2420 1112 2455 obviam
1130 2420 1294 2468 proceffit
1337 2421 1401 2466 38)
1423 2431 1445 2454 ο
1466 2416 1617 2454 Thraso.

302 2547 636 2595 52.'com1‡ssatum]
662 2546 686 2580 i.
704 2558 734 2580 e.
758 2544 804 2579 ad
827 2556 922 2579 com·
999 2543 1083 2591 plex
1108 2556 1145 2577 m
1173 2541 1337 2579 scribitur
1359 2554 1390 2578 v.
1409 2539 1509 2578 Voss.
1530 2541 1575 2576 de
1592 2551 1661 2587 ety-

250 2604 483 2654 *pu'tationem
521 2602 601 2650 post
641 2614 789 2637 coenam
826 2613 923 2636 com·
997 2599 1136 2645 molog.
1515 2639 1518 2642 y

255 2661 411 2697 minam.
446 2661 632 2695 Formatur
660 2665 681 2692 e'
705 2670 831 2704 graeco
859 2669 919 2692 κο·
1043 2665 1100 2699 55.
1123 2668 1195 2699 par
1212 2658 1302 2701 pari
1318 2653 1481 2702 referto]
1511 2652 1556 2687 -in
1574 2664 1663 2687 uon-

256 2714 385 2767 μαζειν
402 2726 438 2753 et
467 2716 552 2752 ideo
582 2715 714 2755 rectius
747 2728 810 2762 per
843 2712 921 2749 fim-
997 2713 1108 2748 nullis
1138 2711 1301 2806 [Erilixinir
1326 2725 1398 2758 par
1422 2725 1492 2757 pro
1522 2712 1611 2755 pari
1629 2722 1661 2747 v.

997 2769 1115 2808 Bentl.
1135 2781 1155 2804 a
1241 2794 1249 2803 .
1289 2795 1298 2804 .
