1780 3100
264 153 331 210 64
605 214 607 216 ‚
815 148 1125 199 ANDRIA.

650 281 685 329 S
696 297 722 327 c
736 301 759 329 ιε
772 300 804 329 N
820 301 845 329 A
890 285 942 337 Π.
1028 284 1258 333 DAVUS.
1301 284 1677 336 PAMPHiLUS.

785 350 1123 400 CHARINUS.
1134 354 1150 412 )

256 462 489 512 DAVUS
511 463 573 520 ει)
605 416 691 508 Dii
711 459 854 509 boni!
885 459 1006 510 boni
1064 462 1151 511 uid
1171 476 1345 529 port03
1380 463 1476 515 Sed
1497 462 1618 515 ubi
1605 483 1676 514 111-

614 529 811 577 veniam
843 480 1185 594 Pamphqlum,

255 596 323 648 'Ut
344 609 563 654 metum,
557 596 620 643 in
642 613 746 661 quo
771 614 907 644 nunc
942 598 1037 653 est,
1059 598 1288 657 adimam,
1308 604 1370 660 8²)
1415 613 1571 667 atque
1596 616 1676 649 ex-

613 663 777 729 pleam
802 665 1024 711 animum
1045 665 1264 729 gaudio?

258 736 355 790 CH.
391 727 574 780 Laetus
599 731 666 779 est
685 732 749 791 83)
784 731 946 779 nescio
969 732 1105 797 quid.
1163 736 1312 781 PAM.
1344 731 1482 782 Nihil
1502 734 1595 792 est,
1614 694 1677 796 84)

614 798 841 845 nondum
863 796 988 847 haec
1020 799 1213 849 rescivit
1231 799 1362 848 mala
1385 806 1424 856 ¹⁸)
1539 826 1542 830 ·

256 870 408 917 DAV.
444 870 605 934 Quem
629 871 690 925 85)
725 883 816 931 ego
850 883 987 915 nunc
1008 867 1158 916 credo
1180 864 1242 928 86)
1278 865 1344 915 fi
1332 886 1430 916 lam
1462 866 1677 918 audierit

615 933 703 982 fibi
726 947 930 999 paratas
954 936 1171 1000 nuptias.

211 1014 237 1055 5
253 1007 351 1052 CH.
374 1001 540 1052 Audin
564 1015 620 1050 tu
640 1001 814 1049 illum?
843 1006 904 1058 87)
957 1004 1106 1050 DAV.
1138 1006 1276 1052 Toto
1298 1019 1377 1051 me
1399 1001 1589 1072 oppido
1612 1002 1677 1066 88)

610 1070 950 1117 exanimatum
972 1087 1130 1135 quaei
1131 1087 1213 1119 ere
1232 1074 1294 1131 89)

234 1137 352 1191 Sed
389 1136 479 1186 ubi
519 1139 794 1203 quaeram?
824 1142 915 1194 89²³)
966 1155 1068 1202 quo
1103 1155 1240 1186 nunc
1267 1138 1486 1205 primum
1518 1138 1675 1188 inten-

615 1204 763 1253 dam?
831 1207 930 1252 CH.
967 1205 1125 1254 Cessas
1151 1204 1381 1273 alloqui?

260 284 492 350 (Ac-rus
523 283 574 329 11.

311 1362 377 1407 8¹)
402 1361 432 1396 A
452 1370 552 1407 patre
573 1357 724 1394 audiens
747 1359 891 1398 Davus,
928 1358 1019 1393 velle
1049 1357 1083 1394 se
1101 1357 1294 1407 Pamphilo
1315 1372 1464 1394 uxorem
1487 1357 1572 1394 dare
1591 1358 1675 1394 Phi-

356 1418 563 1458 lumenam,
591 1418 683 1452 dixit
701 1414 844 1451 sec'um·
878 1416 1006 1450 vadam
1035 1427 1070 1451 et
1091 1417 1269 1452 nuntiabo
1297 1416 1371 1451 hoc
1387 1416 1600 1463 Pamphilo,
1627 1429 1674 1450 ne

356 1474 474 1510 subito
503 1474 706 1521 decipiatur
732 1486 753 1507 a
781 1483 893 1518 patre.
942 1473 1072 1507 Dum
1063 1484 1131 1508 iret
1149 1486 1232 1518 ergo
1255 1473 1447 1525 [ecumque
1474 1483 1672 1520 quaereret.

357 1531 477 1566 [ecum
496 1531 569 1566 hoc
589 1531 826 1578 loquebatur.
856 1529 916 1564 sed
935 1540 1056 1565 tamen
1075 1530 1281 1565 nuntiatum
1311 1530 1383 1564 iam
1409 1539 1483 1564 erat
1503 1528 1674 1576 Pamphi·

356 1589 394 1623 lo
424 1588 468 1622 ab
497 1588 569 1623 alio
619 1589 684 1634 82)
708 1600 790 1621 meo
822 1586 972 1622 consilio
1033 1588 1098 1632 83)
1133 1588 1256 1621 Davus
1321 1587 1386 1633 84)
1421 1585 1558 1622 scilicet
1586 1586 1673 1621 boni

354 1646 390 1692 ⁴¹)
415 1645 523 1680 Nihil
558 1645 609 1680 est
638 1665 684 1672 —
710 1644 807 1679 mala
836 1645 966 1688 absunt
996 1648 1190 1681 contextui
1215 1646 1394 1689 suppleta
1427 1648 1468 1682 in
1505 1647 1674 1691 margine

355 1705 420 1748 85)
447 1700 678 1749 Pamphilum
726 1702 791 1745 36)
817 1702 1031 1736 moriturum
1090 1703 1151 1745 87)
1183 1702 1327 1735 Davum
1385 1702 1449 1747 88)
1473 1714 1537 1747 per
1554 1711 1673 1735 totum

303 1769 306 1771 ’
355 1758 545 1811 oppidum¹
593 1759 658 1804 89)
685 1760 973 1805 fizpersssripcum
1007 1756 1080 1793 scio
1111 1758 1216 1806 quafi
1248 1758 1305 1803 sic
1344 1771 1436 1803 pars
1467 1763 1671 1794 *contextus

329 1823 400 1862 ’89
411 1816 450 1861 a)
484 1815 731 1863 Pamphilum.

361 1944 391 1979 A
403 1955 467 1977 c‘r.
497 1943 543 1977 Π.
609 1941 632 1977 S
646 1954 665 1975 c
678 1954 744 1979 EN.
765 1954 804 1990 ¹2.
998 1942 1144 1987 agitare.
1163 1955 1198 1979 ν.
1211 1942 1397 1991 interpret.
1418 1942 1464 1978 ad
1483 1943 1560 1982 Liv.
1573 1945 1669 1981 VIII.

297 2013 329 2037 ι.
356 2003 409 2036 Di
433 1999 544 2044 boni]
601 1998 663 2033 Dii
696 1999 806 2038 boni,
854 1998 920 2032 Dii
995 2006 1052 2041 33.

248 2058 370 2103 magni
390 2067 425 2092 et
442 2055 652 2103 [impliciter
672 2055 737 2089 Dii
756 2055 921 2101 frequen·
1042 2054 1139 2090 nihil
1157 2054 1233 2098 est]
1283 2055 1427 2101 elegans
1448 2055 1602 2092 formula
1622 2057 1669 2093 de

246 2107 300 2150 tea
322 2114 402 2148 sunt
428 2112 709 2147 exclamationes
739 2112 920 2146 admiran-

245 2171 339 2206 tium
359 2181 393 2204 et
413 2168 683 2205 obtestantium.
712 2169 805 2203 Eun.
825 2165 871 2203 11.
888 2180 918 2203 ι.

249 2239 304 2274 19.
327 2237 361 2262 et
381 2227 520 2261 Duker.
546 2225 592 2260 ad
612 2225 695 2259 Flor
724 2237 754 2260 c.
781 2237 833 2259 rr.

195 2282 197 2284 V
291 2286 379 2320 boni
398 2285 490 2331 quid
508 2283 635 2328 porto]
682 2279 826 2329 portare
839 2294 919 2329 pro-

243 2341 322 2388 prie
357 2339 408 2375 est
446 2339 536 2374 ferre
577 2338 718 2386 aliquid
746 2351 918 2384 magnum

243 2395 314 2433 five
325 2397 462 2432 bonum
474 2396 542 2431 five
560 2394 709 2429 malum.
735 2394 915 2432 v.Donat.

244 2453 292 2488 ad
325 2454 363 2488 h.
394 2453 418 2489 l.
449 2463 484 2488 et
510 2452 600 2486 Hec.
630 2453 693 2493 111.
722 2460 756 2495 5.
785 2453 842 2494 63.
882 2462 917 2487 et

239 2509 440 2547 Burmann.
465 2508 516 2543 ad,
540 2510 686 2545 Petron.

288 2578 322 2604 2.
348 2577 389 2602 ut
416 2578 549 2601 metum
576 2569 616 2602 in
638 2580 708 2615 quo
732 2577 828 2600 nunc
845 2564 912 2610 esc]

239 2622 278 2657 in
300 2633 397 2657 metu
417 2621 486 2655 esse
505 2622 637 2657 dicitur
660 2635 722 2669 pro
742 2631 910 2659 metuere,

238 2690 281 2714 ut
300 2679 338 2713 in
358 2678 496 2713 laetitia
517 2678 584 2712 esse
613 2691 677 2724 pro
704 2677 841 2715 laetari,
871 2677 911 2710 in

239 2735 416 2772 [editione
452 2734 519 2771 eIIe
554 2749 617 2782 pto
654 2736 693 2771 in
731 2734 911 2771 seditione

996 2110 1062 2150 iis,
1102 2123 1194 2157 quae
1220 2114 1487 2148 contemnimus
1516 2125 1551 2157 et
1581 2128 1671 2162 quo·

995 2181 1073 2202 rum
1102 2167 1240 2202 nullam
1268 2170 1448 2204 rationem
1477 2169 1667 2209 habemus.

995 2237 1026 2259 v.
1052 2226 1181 2260 Heaut.
1203 2227 1266 2262 IV.
1288 2239 1322 2260 2.
1341 2239 1376 2272 9.

1039 2288 1074 2325 4.
1098 2293 1258 2327 paratas
1288 2284 1467 2328 nuptias]
1519 2295 1668 2334 appara-

992 2351 1031 2373 re
1043 2339 1188 2385 nuptias
1204 2339 1339 2374 dicitur
1359 2339 1452 2375 infra
1463 2341 1643 2385 111454.

1038 2404 1073 2438 5.
1098 2408 1178 2432 toto
1207 2396 1372 2440 oppido]
1395 2434 1398 2436 ,
1430 2409 1495 2444 pro
1522 2398 1560 2432 in
1586 2399 1666 2433 to'to

994 2452 1147 2500 oppido.
1214 2453 1435 2501 Praepofitio
1478 2456 1519 2490 in
1560 2452 1667 2499 saepe

993 2510 1183 2546 omittitur.
1207 2510 1316 2545 Ovid.
1331 2510 1431 2557 epist.
1445 2511 1544 2544 I.21.
1569 2512 1675 2558 quis,

990 2570 1073 2613 quis
1092 2579 1174 2602 erat
1195 2567 1329 2610 castris
1347 2568 1544 2613 iugulatur
1559 2567 1666 2603 Aelni-

988 2627 1050 2659 vis
1083 2636 1113 2661 v.
1131 2622 1235 2658 Voss.
1265 2623 1310 2674 dfe
1339 2622 1605 2658 constructione
1632 2637 1662 2660 c.

987 2681 1045 2725 46.
1070 2678 1072 2680 ’

1031 2737 1065 2774 6.
1093 2751 1161 2782 quo
1182 2734 1404 2780 incendam]
1452 2733 1588 2771 [cilicet
1607 2737 1662 2772 ire
