1812 3100
342 154 438 202 256

336 282 474 333 PAR.
518 282 651 350 Quid
693 285 760 332 est
797 284 1004 351 inepta?

826 146 1258 202 EUNUCHUS.

1070 285 1201 352 Quid
1234 285 1323 334 tibi
1361 285 1471 336 vis?
1529 267 1666 356 Quid
1687 286 1748 338 rit-'-

695 351 817 400 des?
839 357 899 413 30)
944 353 1156 420 Pergin?
1196 353 1288 401 PY.
1310 355 1450 403 Perii.

334 418 528 466 Defessa
556 419 655 467 iam
685 420 789 467 sum
813 421 1005 477 misera,
1039 406 1266 470 ridendo
1298 436 1357 471 te.

1429 421 1565 471 PAR.
1612 419 1749 489 Quid

691 487 817 538 ita?
857 488 950 535 PY.
985 488 1223 554 Rogitas?

335 555 614 621 Nunquam
633 552 720 620 pol
741 554 992 603 hominem
1014 527 1334 605 stultici01em
1355 557 1396 613 *)
1415 557 1478 616 3¹)
1509 554 1626 615 vidi,
1653 573 1748 606 nec

691 622 882 671 videbo.
931 622 1017 671 Ah.

332 689 454 738 Non
482 688 597 737 satis
629 691 792 754 potest
819 690 1034 749 narrari,
1054 692 1092 751 *)
1126 708 1261 758 quos
1284 688 1431 740 ludos
1450 687 1744 757 praebustis

685 758 823 806 intus

327 826 406 872 De
439 824 551 872 sene
585 841 732 892 quem
764 823 916 874 fecisti
945 824 1157 891 ingredi,
1200 823 1476 892 pulsantem
1512 837 1572 873 ut
1603 825 1742 873 senes

685 890 854 940 solent.
881 896 924 918 **
930 897 944 952 )

259 983 309 1010 ιο
326 964 391 1008 At
417 959 564 1008 etiam
587 959 749 1025 primo
774 958 1012 1009 callidum
1038 978 1097 1009 ac
1121 958 1351 1009 disertum
1381 956 1567 1008 credidi
1587 957 1743 1007 homi-

686 1045 811 1075 nem.
838 1032 898 1088 3²)

327 1093 499 1160 Quid?
521 1099 581 1154 33)
629 1093 811 1143 ilicone
831 1112 889 1143 ea
913 1095 1113 1145 credere
1139 1112 1272 1162 quae
1298 1092 1397 1142 dixi
1419 1093 1642 1159 oportuit
1661 1092 1744 1141 te?

323 1170 400 1210 An
423 1165 483 1221 34)
517 1161 811 1229 poenitebat
830 1162 1005 1228 flagitii
1026 1178 1074 1212 te
1101 1176 1309 1211 auctore
1333 1161 1472 1227 quod
1496 1161 1699 1210 fecisset

322 1182 646 1287 Adulescens,
669 1234 728 1290 35)
766 1230 816 1277 ni
835 1232 1062 1279 miserum
1082 1227 1141 1292 3⁶)
1170 1230 1369 1296 insupe1
1388 1233 1448 1290 37)
1483 1228 1632 1277 etiam
1656 1245 1739 1290 pa-

681 1299 744 1346 tli
778 1297 1044 1347 indicares.

320 1366 452 1416 Nam
496 1364 620 1432 quid
650 1359 720 1413 illi
749 1366 901 1413 animi
923 1371 982 1426 38)
1021 1363 1182 1415 medis
1214 1377 1323 1412 tum
1347 1363 1505 1420 fuisse,
1546 1360 1637 1410 ubi
1659 1378 1736 1412 ve-

680 1434 797 1482 stem
825 1437 885 1494 39)
921 1432 1048 1485 vidit

373 1565 446 1612 30)
472 1563 517 1598 ad
538 1577 595 1599 me
650 1564 679 1605 *)
704 1566 795 1601 edic.
816 1565 1014 1601 stultiorem
1071 1565 1135 1609 31)
1161 1575 1267 1611 quam
1290 1573 1326 1598 te

830 1623 881 1668 ⁴¹⁴¹)
913 1626 1027 1658 Totus
1054 1625 1181 1667 versus
1208 1621 1305 1666 abest
1332 1619 1487 1654 edition.
1506 1631 1619 1663 neque
1633 1619 1732 1653 inter·

423 1622 502 1657 sum
522 1621 605 1656 [atis
626 1634 766 1657 narrare

1389 1561 1424 1608 ⁴¹)
1445 1561 1535 1597 edit.
1554 1572 1628 1595 non
1654 1559 1735 1607 pos-

427 1682 471 1715 V.
494 1681 535 1713 L.
556 1681 599 1714 L.
618 1694 699 1715 eum
717 1683 864 1724 repperi
928 1683 988 1722 32)
1012 1689 1046 1713 te
1103 1684 1160 1720 33)
1187 1676 1383 1711 dicendum
1406 1674 1455 1709 est
1518 1674 1582 1719 54)
1601 1678 1730 1721 fiaper-

413 1740 597 1784 seriptum
628 1749 702 1770 non
730 1739 854 1773 literis
883 1736 1124 1772 cexcualihns.
1165 1747 1186 1768 ο
1215 1735 1388 1767 Parmeno
1460 1730 1525 1774 35)
1567 1729 1730 1764 Chaerea

420 1794 486 1839 56)
512 1792 581 1828 effe
628 1794 692 1839 37)
715 1793 866 1839 ligatum
915 1795 978 1838 33)
1007 1791 1151 1838 qualem
1169 1789 1330 1824 animum
1384 1790 1442 1833 39)
1468 1785 1639 1823 eunuchi.·

317 1950 375 1986 ap.
394 1940 541 1974 Terent.
563 1949 598 1974 et
613 1939 729 1974 Plaut.
750 1952 780 1973 v,
799 1938 915 1975 Bentl.
939 1938 984 1973 ad

365 2064 417 2086 ιο.
452 2051 649 2096 dfsertum]
725 2051 892 2086 disertum
918 2051 982 2085 viri

315 2106 415 2142 docti
433 2107 615 2155 explicant
634 2108 870 2153 ingeniosum,
901 2120 983 2141 acu-

313 2175 411 2203 tum,
446 2163 507 2198 sed
535 2164 626 2199 haec
656 2165 759 2200 notio
794 2178 868 2199 non
897 2162 979 2199 satis

313 2221 418 2256 certis
447 2221 619 2268 exemplis
645 2221 886 2256 confirmatur.

361 2290 412 2311 12.
441 2290 490 2312 an
509 2279 717 2323 poenitebat
734 2277 906 2325 flagztii]
932 2288 977 2310 an

310 2347 386 2369 non
408 2333 490 2368 satis
512 2334 578 2368 tibi
605 2334 810 2373 videbatur,
837 2345 880 2367 an
902 2346 976 2366 non

311 2401 502 2426 contentus
529 2403 624 2430 eras,
665 2390 762 2436 quod
790 2401 824 2425 te
848 2390 978 2436 impul-

309 2446 388 2483 sore
409 2447 616 2482 adolescens
639 2447 812 2492 flagitium
833 2446 975 2480 fecerat.

309 2503 348 2537 in
370 2501 499 2537 Hea'ut.
518 2506 550 2540 Ι.
574 2517 601 2538 ι.
625 2517 681 2538 20.
703 2503 780 2538 Cic.
804 2502 849 2536 ad
869 2503 974 2537 Attic.

307 2560 337 2594 I.
361 2572 414 2594 20.
439 2564 478 2596 in
492 2565 629 2607 senatu
651 2557 891 2610 quanti—liam
907 2563 975 2594 mi-

307 2618 405 2652 nime
424 2631 477 2651 me
502 2621 667 2662 poenitet
699 2617 743 2651 de
764 2615 872 2650 offic.
892 2617 920 2649 I.
945 2628 972 2649 ι.

298 2685 339 2707 4ν.
372 2673 507 2708 Ernest.
541 2675 579 2710 in
613 2674 703 2709 clavi
739 2673 856 2709 Cicer.
889 2685 973 2708 voce

300 2730 482 2779 'poenitet-

1110 1942 1161 1977 ¹3.
1195 1932 1408 1977 india-aree]
1465 1931 1490 1966 i.
1519 1944 1550 1966 e.
1571 1930 1724 1966 deferres

1060 1992 1158 2039 apud
1187 2002 1343 2039 patrem,
1369 1987 1537 2035 proderes
1562 1987 1666 2034 patri.
1685 1988 1726 2022 in

1058 2052 1188 2086 Heaut.
1225 2049 1286 2082 ΠΙ.
1318 2054 1351 2088 3.
1383 2052 1439 2087 23.
1473 2044 1532 2081 hic
1555 2047 1660 2089 prius
1682 2049 1725 2091 se

1057 2107 1239 2143 indicarit
1284 2116 1392 2152 quam
1424 2115 1495 2149 ego
1526 2113 1723 2149 argentum

1056 2165 1232 2208 effecero.
1671 2208 1677 2212 .

1106 2227 1157 2263 14.
1183 2218 1274 2268 quid
1290 2218 1353 2253 ἰῖἷί
1370 2215 1491 2251 credis
1508 2216 1722 2261 anirm‘ful‘s·

1044 2278 1111 2323 se]
1142 2277 1174 2310 vi.
1198 2289 1233 2310 e.
1253 2271 1439 2322 quemodo
1457 2269 1625 2306 affectum
1646 2271 1720 2306 ani-

1054 2346 1114 2367 mo
1142 2331 1245 2367 fuisse
1267 2329 1395 2365 credis.
1445 2331 1598 2364 Animus
1616 2327 1718 2375 saepe

1054 2390 1187 2424 dicitur
1220 2388 1265 2423 de
1298 2385 1552 2422 affectionibus
1591 2385 1716 2423 animi.

1052 2456 1171 2484 metu,
1206 2443 1365 2492 pudore,
1403 2442 1548 2481 dolore,
1581 2441 1620 2475 in
1648 2440 1716 2475 Ad

1051 2504 1117 2537 lv,
1145 2511 1180 2544 5.
1201 2510 1258 2543 3¹·
1286 2502 1376 2549 quid
1391 2502 1456 2537 illi
1476 2499 1625 2535 eandem
1643 2510 1718 2533 cre·

1051 2561 1145 2595 dicis
1163 2560 1255 2602 sore
1287 2560 1402 2594 animi
1436 2559 1574 2603 mzfero.
1605 2553 1715 2588 Ovid.

1052 2615 1152 2663 epist.
1182 2616 1260 2649 VII.
1290 2616 1345 2651 66.
1371 2615 1463 2662 quid
1488 2613 1558 2649 cibi
1583 2613 1715 2646 mentis

1050 2676 1120 2708 eric
1142 2672 1236 2706 idem
1267 2686 1323 2718 ep.
1351 2672 1411 2706 Xl.
1433 2679 1488 2714 87.
1511 2670 1601 2717 quid
1626 2667 1716 2704 mibi

1039 2742 1137 2771 ,cunc
1146 2733 1264 2767 animi
1277 2729 1405 2765 credas
1415 2739 1587 2775 germane
1587 2726 1716 2774 fuiffi.
