1780 3100
205 103 314 161 ‘565
780 74 1092 158 Arium&

1520 195 1596 235 μὴτ

235 239 386 310 Quod
413 245 449 301 7)
483 257 574 307 ego
597 252 646 318 te
668 255 759 305 per
775 237 908 290 hanc
931 239 1186 290 dexteram
1210 243 1249 302 8)
1283 256 1400 300 ore,
1435 251 1487 290 et
1515 224 1649 306 idie-

589 325 730 359 mum
752 320 909 358 tuum.

161 387 216 429 55
229 380 324 427 Per
346 373 676 433 tuamfidem,
710 392 902 442 perque
934 374 1088 424 huius
1113 378 1151 437 9)
1189 373 1502 425 solitudinem
1525 377 1584 434 ¹0)

233 449 312 493 Te
345 443 587 501 obtestor,
621 460 685 491 ne
709 441 800 491 abs
824 458 872 492 te
893 439 1026 492 hanc
1047 444 1289 509 segreges,
1325 460 1424 492 neu
1445 442 1651 492 deseras.

235 514 287 561 Si
314 522 368 569 ¹¹)
409 523 457 558 te
489 510 540 557 in
576 511 797 575 germani
830 511 996 560 fratris
1029 510 1178 558 dilexi
1207 510 1347 567 loco,

235 578 347 640 Sive
376 582 432 636 ¹2)
462 589 510 624 te
528 576 655 626 haec
679 582 736 639 ¹3)
770 577 925 627 folum
947 579 1133 643 semper
1149 577 1267 628 fecit
1287 577 1503 635 maximi,
1528 579 1590 639 ¹4>

175 665 177 668 ’
235 649 334 696 Seu
358 643 450 694 tibi
470 645 800 713 morigera135)
830 646 927 694 fuit
944 647 998 694 in
1019 645 1176 694 rebus
1202 643 1453 704 omnibus,

296 779 337 826 7)
366 790 513 827 propter
538 773 640 828 quod
703 781 746 827 8)
779 792 888 827 quam
915 790 1038 816 teneo.
1096 781 1139 826 9)
1163 778 1308 827 puellae
1375 779 1437 825 ιο)
1462 790 1555 828 queo
1581 779 1658 829 [014

344 836 541 872 dimittitur
591 838 652 883 ιι)
677 836 718 872 id
745 837 795 873 est
821 834 1120 885 quandoquidem
1173 835 1234 883 ιιι)
1269 834 1565 883 quandoquidem
1590 850 1657 886 pro

342 892 399 928 vel
469 893 529 939 13)
555 892 764 939 Glycerium
832 894 892 939 ¹4)
925 891 1190 928 adverbialiter.
1228 902 1314 938 prae
1336 890 1506 928 omnibu·
1529 891 1661 935 dilexit

348 950 411 995 15)
441 961 558 984 mores
584 962 723 995 gerens.
768 962 886 984 mores
915 947 1221 995 componensvel
1251 946 1412 982 moribus
1442 945 1594 984 serviem
1622 959 1660 985 et

324 1002 328 1007 ”
346 1006 569 1044 concordans
594 1007 650 1044 vel
669 1005 919 1043 obsecundans
940 1005 994 1040 vel
1013 1005 1232 1050 morigerari,
1251 1004 1369 1040 mo‘res
1391 1010 1549 1052 portare.

1033 1161 1089 1195 55.
1104 1151 1375 1203 solitudinem]
1423 1150 1582 1187 solitudo
1607 1104 1673 1188 di?

990 1210 1083 1245 citur
1103 1207 1241 1251 delillis
1265 1209 1326 1255 qui
1344 1207 1465 1243 nullos
1486 1221 1660 1254 cognatos

990 1266 1045 1301 vel
1061 1266 1195 1300 amicos
1207 1264 1356 1299 habent.
1407 1264 1486 1299 Cic.
1509 1278 1574 1312 pro
1595 1266 1661 1301 do-

239 1166 427 1197 mtnqaam
451 1168 526 1189 rem
543 1154 670 1196 facies
696 1152 733 1187 in
763 1153 908 1190 Phorm.

239 1210 284 1246 Π.
312 1218 344 1252 3.
379 1212 485 1255 16.fi
511 1214 691 1247 talentum
719 1226 795 1247 rem
821 1213 910 1247 reli-

242 1269 372 1315 quisset
391 1269 524 1303 decem.

287 1331 346 1365 54.
380 1325 481 1371 quod
506 1338 573 1370 ego
601 1335 638 1359 ce
664 1323 756 1368 oro]
804 1323 912 1369 vulgo

244 1380 345 1427 quod
385 1380 567 1428 explicant
610 1390 757 1427 Propter
802 1379 914 1426 quod,

243 1448 351 1482 quam
374 1435 419 1470 ob
440 1449 534 1478 rem;
561 1434 622 1471 sed
649 1435 778 1471 durum
801 1437 849 1471 est
875 1436 914 1471 in

242 1492 302 1528 his
332 1493 495 1527 formulis
523 1492 574 1528 ita
602 1505 748 1541 capere,
795 1492 914 1527 lenius

244 1549 295 1584 est
313 1549 536 1595 intelligere.
563 1549 601 1583 in
633 1562 726 1596 quo,
773 1562 843 1597 qua
875 1549 913 1583 in

242 1618 301 1646 re,
329 1606 551 1654 omninoque
571 1607 671 1655 quod
688 1616 723 1641 et
747 1606 782 1640 in
802 1606 860 1640 his
880 1616 916 1640 et

232 1662 283 1697 ‘in
328 1661 504 1697 similibus
546 1660 651 1698 servit
699 1661 914 1697 tranfitioni.

246 1718 377 1763 virgil.
398 1721 486 1753 Aen.
502 1719 548 1752 11.
578 1725 652 1762 ¹4¹·
679 1720 779 1768 qaod
796 1731 830 1755 te
848 1733 915 1764 per

239 1778 395 1821 fitperos
414 1774 476 1809 ubi
497 1787 527 1808 v.
546 1775 743 1812 Burmann.
770 1775 808 1809 in
824 1775 916 1809 Hec.

247 1832 311 1866 ΠΙ.
339 1843 372 1865 2.
403 1839 436 1872 3.
470 1833 570 1880 quod
593 1843 629 1867 te
662 1834 856 1878 Aesbulapi
881 1843 918 1867 et

249 1901 286 1925 te
310 1890 437 1928 Salus.
464 1904 507 1925 ne
528 1890 618 1936 quid
634 1889 690 1937 fit
708 1888 827 1928 huius,
852 1903 918 1923 oro

249 1958 282 1979 v.
302 1946 436 1982 Ernest.
464 1945 551 1981 clav.
572 1945 741 1981 Ciceron.
767 1940 806 1979 in
831 1957 919 1979 voce

251 2004 353 2052 quod
846 2040 847 2043 ,

299 2059 498 2104 dextram]
533 2057 656 2094 dextra
678 2055 761 2092 fidei
783 2055 920 2104 symbo-

224 2110 229 2116 ’
251 2116 328 2151 lum
350 2116 447 2163 apud
468 2127 594 2150 ornnes
619 2124 755 2159 gentes.
776 2112 919 2148 Sallust.

251 2173 289 2207 in
309 2174 384 2219 Jug.
409 2185 439 2206 c.
462 2185 514 2206 ιο.
534 2186 600 2218 per
627 2171 722 2206 hanc
746 2171 921 2205 dextram

249 2233 362 2276 regni
377 2229 500 2274 fidem
537 2241 663 2264 moneo
691 2227 920 2275 obtestorque

251 2285 315 2320 ubi
335 2298 365 2319 v.
387 2286 491 2321 cort.

297 2345 446 2390 genium
483 2343 607 2386 tuum]
655 2340 762 2387 vulgo
790 2339 921 2386 legitur

252 2414 318 2445 per
344 2402 534 2446 ingenium
553 2410 655 2434 cuum
681 2398 758 2433 iae.
779 2410 842 2445 per
859 2409 921 2431 na-

252 2467 371 2492 turam
400 2467 519 2496 tuam,
559 2454 620 2489 [ed
654 2455 772 2489 Bentl.
802 2454 922 2499 legen-

254 2511 343 2547 dum
375 2512 482 2548 docet
513 2527 579 2558 per
617 2516 767 2560 genium
805 2523 920 2547 tuum·

252 2570 314 2606 Sic
342 2571 467 2604 Horat.
499 2569 608 2616 Epist.
635 2571 663 2604 I.
685 2582 717 2613 7.
738 2573 795 2614 94.
823 2569 923 2617 quod

255 2641 291 2665 te
301 2642 367 2673 per
383 2629 534 2674 genium
545 2628 789 2675 dextramque
802 2627 922 2662 Deos·

252 2700 323 2737 que
339 2696 504 2731 penates.
569 2684 574 2691 ‘

990 1336 1052 1357 mo
1074 1336 1103 1356 c.
1124 1324 1181 1364 36.
1208 1321 1340 1366 defleri
1366 1322 1567 1358 liberorum
1598 1337 1662 1359 ca-

989 1380 1217 1427 rissimorum
1249 1379 1494 1426 solitudinem
1554 1393 1584 1414 v.
1620 1380 1661 1415 in

989 1438 1083 1472 Eun.
1101 1438 1130 1470 Ι.
1150 1448 1183 1472 2.
1202 1436 1317 1480 67.‚et
1335 1437 1371 1471 in
1390 1436 1459 1472 Ad.
1477 1438 1543 1474 111.
1564 1450 1597 1473 2.
1625 1448 1661 1474 et

990 1493 1070 1528 Riv.
1093 1491 1137 1526 ad
1157 1492 1194 1526 h.
1215 1493 1241 1528 l.

1036 1558 1092 1594 57.
1109 1550 1172 1598 fi]
1211 1549 1253 1594 fi
1272 1549 1440 1597 frequent
1461 1550 1511 1586 est
1532 1551 1570 1602 in
1598 1551 1663 1587 ob-

990 1606 1254 1652 testationibus,
1284 1619 1364 1640 cum
1384 1606 1525 1642 causam
1544 1608 1665 1644 reddi-

991 1675 1083 1701 mus.
1114 1675 1222 1709 quare
1243 1662 1331 1710 quid
1359 1675 1537 1711 petamus,
1581 1665 1661 1701 Cic.

992 1732 1058 1765 pro
1080 1721 1234 1753 Murena
1263 1734 1292 1755 c.
1322 1726 1378 1763 40.
1406 1725 1464 1757 ita
1493 1735 1578 1758 orat
1603 1734 1661 1758 at-

994 1790 1059 1822 que
1086 1776 1248 1820 oblecrat
1261 1776 1301 1820 fi
1333 1780 1465 1824 iniuste
1486 1781 1663 1814 neminem

994 1833 1126 1877 laesit,
1156 1833 1196 1876 fi
1214 1836 1358 1868 nullius
1385 1848 1495 1871 aures
1522 1837 1662 1872 volun-

996 1901 1180 1938 tatemque
1199 1885 1380 1926 v‘iolavic.
1416 1891 1544 1937 virgil.
1573 1896 1662 1927 Aen.

994 1947 1060 1980 IV.
1082 1954 1160 1990 3¹7·
1185 1946 1219 1988 si
1236 1948 1323 1982 hene
1353 1948 1446 1992 quid
1473 1950 1518 1983 de
1533 1959 1569 1983 te
1594 1963 1666 1985 me·

994 2005 1067 2039 rut.
1095 2002 1205 2037 ovid.
1229 1995 1378 2038 Metauri.
1408 2004 1606 2047 vu1.350.
1624 2006 1666 2050 fi

994 2071 1030 2095 te
1041 2061 1209 2104 coluique
1221 2061 1384 2107 coloque.
1407 2072 1438 2097 v,
1449 2060 1604 2096 Bentloi.
1617 2062 1665 2096 ad

994 2117 1118 2152 Horat.
1142 2117 1265 2151 carm.
1287 2118 1315 2151 Ι.
1332 2124 1391 2158 32.
1408 2129 1437 2151 ι.
1478 2118 1567 2153 Mox
1578 2120 1667 2164 five

997 2171 1276 2218 intelligendum
1294 2173 1421 2219 welfi.
1442 2174 1540 2222 quod
1562 2173 1668 2223 supra

995 2239 1259 2268 annotavimus,

1040 2294 1098 2331 59.
1136 2287 1346 2333 morigera]
1393 2286 1580 2335 nequitiae
1600 2299 1668 2323 vox

998 2341 1057 2376 est.
1114 2342 1212 2377 Nam
1249 2346 1492 2391 moriger-ari,
1532 2359 1670 2381 morem

996 2415 1145 2446 gerere,
1187 2401 1332 2449 obsequi
1363 2401 1497 2436 dicitur
1525 2401 1667 2441 mulier.

999 2468 1091 2502 quae
1103 2458 1262 2503 corporis
1275 2458 1418 2506 copiam
1430 2458 1529 2495 facit.
1549 2457 1667 2493 Plaut.

998 2512 1035 2545 in
1066 2512 1165 2548 Caes.
1184 2514 1229 2550 V.
1249 2526 1360 2561 2219.
1385 2517 1530 2562 satisne
1555 2517 1667 2551 muri·

997 2561 1091 2616 gera
1114 2574 1177 2616 qfc.
1204 2571 1243 2605 in
1269 2570 1465 2606 Mostellar.
1487 2572 1532 2606 11.
1565 2584 1591 2605 1.
1609 2580 1668 2614 5¹·

1000 2630 1204 2672 morigerae
1228 2629 1300 2663 tibi
1320 2632 1457 2664 erimus·
1477 2629 1616 2670 ambae.
1636 2639 1667 2662 v.

1000 2684 1184 2731 interpret.
1226 2683 1273 2719 ad
1311 2685 1460 2721 Sueton.
1493 2676 1667 2721 Tiberk.
