1780 3100
209 137 286 188 52-
748 134 1056 185 AN'DRIA.
1748 0 1780 201 1

209 268 447 336 Obstipui.
512 266 697 315 Censen
728 264 791 329 64)
839 286 919 318 me
956 268 1168 319 verbum
1206 269 1418 338 potuisse
1462 267 1638 323 ullum,
1776 233 1780 236 Β

561 334 829 401 proloqui?
1502 362 1506 366 ·

203 408 306 454 Aut
325 387 479 453 ullam
504 402 697 450 causam
721 404 942 468 ineptam
965 402 1146 463 saltem,
1170 403 1349 465 falsam,
1368 405 1622 472 iniquam?
1652 400 1662 405 ⁴

563 469 829 518 Obmutui.

207 536 358 605 Quod
380 535 413 585 fi
439 554 531 603 ego
554 538 788 586 rescissem
818 538 869 587 id
886 539 1066 605 prius?
1109 538 1231 605 quid
1261 539 1472 589 facerem
1491 535 1555 601 65)
1588 536 1623 587 si

565 606 681 670 quis
703 603 764 658 66)
800 616 938 654 nunc
961 614 1038 654 me
1057 610 1234 670 rogat?

188 670 419 740 Aliquid
452 669 515 733 67)
553 671 786 730 facerem,
827 687 886 721 ut
913 672 1011 721 hoc
1038 691 1100 721 ne
1132 673 1359 722 facerem.
1388 671 1451 736 68)
1524 672 1625 723 Sed

563 757 699 788 nunc
723 739 848 806 quid
866 741 1083 806 primum
1109 744 1366 807 exequor?

134 817 188 858 25
204 810 309 856 Tot
326 804 387 868 69)
422 823 500 854 me
527 807 809 872 impediunt
842 825 1016 864 curae,
1051 825 1184 874 quae
1212 825 1379 856 meum
1402 809 1625 867 animum
1692 830 1697 835 v

564 874 748 922 diverse
768 880 828 935 70)
866 888 912 922 t1
915 874 1087 931 ahunt,

204 946 371 1001 Amor,
394 944 465 1002 7¹)
490 939 826 991 miseiicordia
846 941 1009 1000 huius,
1035 946 1095 1005 7²)
1132 943 1427 1009 nuptiarum
1454 940 1627 992 sollici-

563 1011 700 1058 tatio.
723 1008 814 1070 7²2)

204 1079 344 1125 Tum
362 1080 421 1137 73)
455 1078 613 1143 patris
645 1072 873 1142 pudor,
876 1078 965 1143 qui
995 1094 1073 1139 me
1097 1090 1200 1126 tam
1228 1076 1329 1127 leni
1357 1078 1523 1145 passus
1557 1071 1642 1128 est'

566 1146 733 1193 animo
756 1162 924 1212 usque
949 1145 1126 1202 adbuc,

206 1213 350 1278 Quae
382 1228 496 1260 meo
520 1229 726 1278 cunque
757 1214 924 1260 animo
946 1210 1145 1260 libitum
1177 1212 1246 1260 est
1276 1208 1450 1261 facere.
1502 1213 1624 1261 Eine

567 1297 660 1344 ego
684 1293 742 1328 ut
761 1279 1019 1328 adver³ser
1046 1284 1106 1337 74)
1172 1280 1227 1326 Ei
1250 1284 1309 1339 75)
1342 1279 1477 1328 mihi.

203 1349 454 1396 Incertum
482 1346 550 1395 est
579 1321 701 1413 qouid
726 1364 881 1412 agam.
951 1350 1059 1395 MY.
1095 1348 1287 1395 Misera.
1352 1348 1567 1397 Timeo
1553 1365 1624 1395 m-

565 1429 758 1464 certum
774 1414 875 1464 hoc
897 1411 957 1476 76)
992 1416 1230 1482 quorsum
1250 1417 1311 1475 77)
1347 1415 1556 1464 accidat.

266 1547 331 1593 64)
353 1558 418 1593 pro
452 1545 621 1582 censesne
654 1561 713 1583 me
759 1548 824 1595 65)
849 1558 953 1583 antea
1000 1523 1066 1591 66)
1087 1546 1218 1594 aliquis
1265 1546 1331 1593 67)
1356 1546 1456 1581 aliud
1500 1547 1566 1593 68)
1585 1558 1626 1584 ut

311 1604 415 1638 illam
457 1616 532 1638 non
578 1603 745 1639 ducerem
809 1605 875 1651 69)
909 1605 1050 1639 Tantae
1129 1604 1194 1649 7ο)
1232 1603 1271 1640 in
1311 1603 1463 1639 diversas
1505 1616 1624 1652 partes

312 1661 379 1707 7ι)
406 1660 565 1706 Glycerii
626 1662 690 1706 72)
715 1660 875 1707 Glycerii
930 1673 973 1705 72
987 1660 1026 1706 a)
1053 1661 1138 1708 quia
1165 1660 1252 1694 nolo
1285 1660 1415 1696 ducere
1443 1660 1629 1696 Philume-

310 1729 397 1751 nam
452 1717 516 1763 73)
543 1716 676 1751 deinde
738 1718 802 1763 74)
827 1717 978 1763 dignum
997 1716 1060 1752 est.
1121 1717 1222 1751 Num
1252 1715 1340 1763 quid
1368 1717 1459 1751 mihi
1485 1717 1626 1753 suaderi

310 1771 427 1819 potest
444 1782 484 1807 ut
504 1784 569 1817 ego
590 1773 621 1807 ei
643 1773 682 1807 id
710 1773 760 1808 est
787 1774 879 1821 patri
899 1774 937 1807 in
965 1787 1007 1808 eo
1042 1772 1212 1808 adverset.
1263 1774 1326 1819 75)
1351 1787 1415 1809 vae
1462 1774 1525 1820 76)
1554 1774 1626 1809 hoe

310 1841 365 1864 res
387 1840 479 1876 quae
498 1828 773 1881 adhuc—incerta
795 1830 856 1866 est.
905 1831 968 1876 77)
996 1830 1033 1864 in
1055 1842 1162 1878 quam
1181 1840 1321 1877 partem

252 1983 309 2019 23.
347 1977 438 2024 quid
451 1977 646 2022 facerem]
687 1989 760 2024 ,pro
787 1976 877 2024 quid

205 2031 365 2068 fecissem
403 2033 544 2080 imperf.
581 2046 646 2080 pro
682 2033 876 2081 plusquam

204 2090 353 2137 persect.
366 2098 406 2123 ut
425 2099 548 2124 contra
570 2089 648 2124 aliis
668 2088 757 2125 locis
771 2091 877 2137 poni-

205 2155 263 2181 tur
273 2157 336 2193 pro
350 2144 491 2192 imperf.
503 2145 644 2184 Sallust,
656 2145 692 2179 in
703 2145 877 2191 Iugurtha

146 2211 149 2215 ’
206 2215 238 2239 c.
255 2211 312 2248 59.
332 2216 443 2251 neque
461 2204 607 2238 diutius
620 2203 804 2238 Numidae
822 2217 877 2238 re-

195 2259 326 2305 fifiere
344 2259 557 2304 pocmjfflmc,
578 2261 618 2294 ni
634 2259 780 2303 pedites
801 2272 876 2293 ma·

204 2329 319 2363 gnam
340 2317 482 2351 cladem
503 2318 543 2350 in
566 2317 756 2363 congr-essu
768 2317 877 2360 face-

204 2385 300 2409 rent.
359 2372 617 2418 Exemplorum
649 2372 756 2417 plena
782 2371 876 2409 sunt.

204 2442 237 2464 v.
263 2428 425 2464 Gronoiv.
449 2427 495 2461 ad
519 2429 594 2464 Liv.
619 2428 787 2463 XXXIV.
824 2441 876 2464 ιι.

207 2497 244 2523 et
265 2485 454 2533 Drakenb.
475 2484 533 2518 ad.
554 2485 754 2521 XXXVIII.
777 2496 810 2519 2.

251 2552 308 2586 25.
342 2556 434 2591 quae
472 2556 589 2578 meum
625 2543 788 2576 animum
816 2543 875 2577 di-

178 2594 186 2601 *
204 2603 355 2647 avorsum
374 2598 553 2642 trahunt]
603 2598 626 2631 i.
649 2611 680 2632 e.
705 2611 798 2645 quae
819 2611 875 2633 me

207 2656 321 2691 animi
363 2655 540 2690 incertum
584 2654 747 2690 faciunt.
783 2668 875 2702 quae

205 2711 315 2748 modo
332 2711 405 2747 hoc
423 2711 534 2747 modo
556 2711 647 2747 illud
674 2712 810 2755 faciunt
836 2722 876 2747 ut

952 1976 1116 2024 probem.
1153 1974 1284 2020 virgil.
1312 1975 1401 2009 Aen.
1432 1976 1512 2010 XII.
1541 1983 1622 2020 487.

952 2034 1190 2079 diversaeque
1212 2045 1357 2079 ¹‘uocant
1392 2035 1555 2069 animum
1581 2037 1623 2070 in

953 2092 1146 2125 contraria
1176 2102 1297 2126 curae.

998 2146 1053 2179 26.
1083 2147 1334 2191 rnzybricordia
1351 2145 1483 2190 huius]
1532 2144 1557 2178 i.
1587 2158 1620 2181 e.

952 2200 1197 2235 misericordia
1218 2214 1298 2247 erga
1314 2202 1424 2240 hanc.
1444 2212 1483 2236 ut
1498 2203 1623 2247 pudor·

951 2260 1073 2303 patris
1093 2270 1122 2294 v,
1141 2270 1199 2305 27.
1227 2259 1423 2302 reverentia
1453 2271 1534 2304 erga
1562 2271 1626 2306 pa—

952 2326 1102 2362 paetrem,
1129 2316 1207 2349 Liv.
1230 2316 1294 2350 IV.
1316 2317 1373 2359 46.
1394 2317 1625 2352 verecundia
1683 2358 1686 2361 ‚

953 2373 1099 2408 ordinis
1118 2372 1142 2411 ἰ,
1166 2385 1197 2408 e.
1231 2383 1312 2417 erga
1343 2371 1528 2412 ordinem.
1558 2372 1623 2407 ubi

953 2442 985 2463 v.
1020 2429 1135 2467 Drak.
1166 2427 1228 2463 Sic
1259 2428 1356 2477 apud
1383 2428 1474 2463 alios
1505 2439 1622 2464 metus

953 2486 1139 2533 Pompeii,
1208 2485 1342 2520 iniuria
1399 2485 1622 2530 legatorum,

953 2542 1080 2577 odium
1097 2542 1236 2588 tyranni
1258 2553 1324 2577 ere.
1345 2554 1376 2575 ν.
1397 2542 1557 2575 Perizon.
1576 2541 1624 2575 ad

951 2599 1092 2633 Aeliani
1112 2600 1196 2633 Var.
1226 2598 1309 2634 hist.
1329 2600 1376 2632 ΙΙ.
1403 2610 1453 2633 ¹2.
1483 2608 1518 2632 et
1536 2599 1625 2632 Bur-

950 2667 1074 2688 mann.
1096 2654 1379 2699 adVirgi1.Aen.
1404 2656 1430 2688 I.
1452 2660 1531 2698 714.
1617 2648 1619 2652 ’

996 2723 1052 2758 29.
1094 2715 1262 2759 qnorfinn
1303 2711 1475 2756 accidat]
1532 2710 1557 2744 i.
1590 2721 1624 2745 e.
