1812 3100
0 0 24 99 J,
49 0 93 44 πε
164 0 211 22 -·

520 120 661 165 Aer.
705 117 760 164 V.
827 116 1014 184 SceN.
1055 116 1170 165 VIII.

24 109 106 200 ᾗ..
1427 122 1554 186 4261

98 253 278 322 Seme
293 247 504 335 Μεριο
525 248 652 307 haec
669 247 807 300 bona
829 249 994 301 nobis.
1061 250 1164 299 PH.
1178 255 1238 315 77)
1258 251 1329 302 Di
1348 251 1559 318 vestram

479 317 644 368 fidem.
666 321 730 380 78)
764 311 1081 378 incredibilia
1106 321 1169 380 79)

51 409 105 438 20
97 387 366 469 Parmeno
393 387 547 438 modo
582 405 716 454 quae
753 388 989 437 narravit.
1019 390 1085 449 8⁰)
1144 387 1240 439 Sed
1263 387 1352 439 ubi
1375 383 1443 438 est
1462 388 1553 448 fra-

476 459 586 505 ter?
607 459 670 516 8¹)
737 455 834 519 CH.
864 457 1064 505 Praesto
1101 457 1249 506 adest.

559 525 657 571 CH.
696 514 827 575 satis
862 524 1030 574 credo.
1087 523 1231 575 Nihil
1257 526 1325 575 est
1355 523 1555 575 Thaide

479 590 577 642 hac
599 592 752 642 [rater-
772 607 860 655 tua
882 593 1080 659 dignius

87 658 272 728 Quod
292 673 499 711 ametur.
546 665 624 710 Ita
649 651 847 711 nostrae
867 662 1007 711 omni
1029 662 1099 711 est
1121 661 1306 712 fautrix
1326 660 1554 712 familiae.

475 729 573 777 PH.
617 730 721 779 Hui
755 732 796 789 *)

119 798 250 850 Mihi
271 796 407 854 illam
426 796 640 847 laudas?
720 802 832 847 TH.
866 798 1006 847 Perii.
1040 812 1240 866 quanto
1271 800 1439 871 minus
1469 799 1555 855 mi-

481 865 535 914 hi
556 869 620 927 **)
651 868 702 934 sp
707 868 754 916 ei
779 867 866 926 est,
901 880 1045 917 tanto
1067 869 1224 933 magis
1246 866 1372 916 arrio.

117 935 338 996 Obsecro
360 933 598 995 Gnatho
585 953 637 984 in
657 950 706 985 te
726 936 834 1002 spes
860 935 937 984 est.
960 941 1022 992 8²)
1093 938 1203 985 GN.
1235 935 1373 1002 Quid
1391 936 1467 987 vis
1487 935 1553 990 fa-

478 1003 642 1053 ciam?
710 1004 819 1051 TH.
855 1001 1043 1052 Perfice
1063 1001 1163 1053 hoc

45 1083 100 1163 25
113 1071 371 1131 Precibus,
391 1071 571 1138 pretio,
591 1085 648 1121 ut
666 1070 934 1121 haeream
922 1090 972 1119 m
993 1084 1137 1138 parte
1160 1069 1335 1139 aliqua
1354 1074 1415 1156 85)
1448 1082 1553 1119 tan-

465 1138 590 1188 ·dem
610 1140 749 1205 apud
768 1139 1032 1188 Thaidem.

117 1212 229 1263 GN
263 1205 482 1260 Difficile
505 1209 585 1257 est.
606 1212 668 1268 84)
745 1211 858 1258 TH.
890 1209 941 1258 Si
966 1207 1094 1276 quid
1117 1213 1179 1270 85)
1216 1207 1460 1266 collibuit,
1486 1203 1548 1267 86)

479 1277 607 1328 novi
626 1291 687 1326 te.
707 1281 769 1339 87)
799 1276 898 1327 hoc
926 1274 961 1325 fi
985 1276 1208 1327 effeceris
1231 1282 1292 1337 88)

111 523 219 591 ,ΡΙ-ἶ,
254 492 481 574 Gaudeo.

176 1439 242 1487 77)
262 1438 448 1474 Veniente
466 1438 692 1474 Parmenone
714 1438 812 1474 servo
839 1437 886 1473 ad
914 1436 1107 1473 domiuum
1137 1435 1240 1471 suum
1267 1436 1484 1472 Phaedriam
1513 1444 1550 1470 et

222 1496 411 1532 indicante
440 1488 504 1537 ea,
549 1509 645 1545 quae,
672 1495 836 1531 audierat
868 1507 889 1529 a
917 1495 1104 1534 Chaerea,
1149 1493 1344 1529 ammirans
1373 1492 1548 1528 nimirum

220 1552 423 1592 Phaedria.
465 1551 493 1588 fi
521 1554 572 1589 ita
599 1554 740 1588 evenire
766 1551 905 1600 posset,
933 1552 983 1587 ‘in
1014 1552 1106 1587 haec
1132 1551 1237 1586 verba
1257 1551 1434 1600 prorupit.
1486 1553 1546 1586 In-

218 1610 328 1650 choat
353 1613 480 1658 versus
509 1625 648 1648 novam
675 1614 833 1650 lineam,
879 1610 987 1658 quasi
1000 1611 1169 1646 'initium
1186 1609 1246 1654 fic
1274 1621 1397 1644 novae
1416 1609 1549 1651 scenae

221 1672 282 1715 78)
308 1666 417 1702 testor
487 1672 546 1715 79)
579 1668 716 1704 scilicet
750 1667 832 1703 sunt
901 1670 961 1709 30)
995 1665 1088 1701 mihi
1155 1667 1220 1712 81)
1247 1677 1348 1700 meus
1381 1663 1548 1699 Chaerea

218 1726 250 1768 ⁴³)
274 1726 368 1762 edic.
397 1726 520 1761 οηιίιι.
545 1724 612 1760 hui
643 1726 877 1772 improbante
905 1726 1026 1761 Benel.
1098 1724 1151 1766 Ψ)
1182 1725 1274 1760 edit.
1304 1725 1426 1758 omitt.
1454 1720 1548 1755 mihi

220 1787 281 1827 82)
308 1792 350 1817 ut
379 1781 551 1816 accedam
587 1782 634 1817 ad
665 1795 745 1818 eam
810 1783 875 1829 83)
900 1781 1158 1817 familiaritatis
1224 1780 1290 1827 84)
1324 1778 1424 1827 quod
1453 1779 1547 1813 dicis

221 1844 284 1884 35)
311 1838 453 1887 aliquid
500 1839 566 1886 36)
593 1839 661 1876 tibi
690 1838 882 1874 colibitum
908 1837 937 1874 fi
964 1838 1053 1886 quid
1083 1839 1151 1878 est,
1186 1837 1294 1873 facile
1314 1836 1374 1872 est.
1404 1836 1488 1871 novi
1511 1847 1548 1871 te

220 1898 287 1946 87)
320 1895 432 1945 poffe·
449 1895 567 1931 facere
640 1899 706 1943 88)
746 1908 787 1933 ut
813 1897 973 1946 aliquem
999 1894 1138 1932 [cilicet
1172 1895 1296 1944 locum
1322 1893 1548 1930 familiarita-

222 1954 270 1992 ti·
297 1953 396 2003 apud
414 1952 601 1990 Thaidem
618 1953 789 1991 habeam.

736 2046 918 2058 ψ

107 2132 112 2137 .
163 2160 221 2187 ιο.
245 2151 391 2198 praesto
421 2149 551 2198 adest]
599 2163 666 2198 pro
695 2163 798 2198 prae·
861 2151 1026 2197 salter-ix
1052 2147 1144 2194 regit
1170 2145 1289 2182 casum
1313 2145 1420 2182 verbo
1428 2146 1549 2191 save·

118 2206 174 2245 sto
194 2205 255 2242 est.
274 2206 403 2242 sustin.
429 2207 457 2241 1.
478 2207 513 2242 6.
540 2208 641 2243 iubet
669 2217 797 2255 omnes

117 2268 264 2313 praesto
273 2265 465 2312 securibus
482 2265 602 2312 adesse
621 2264 683 2299 ubi
704 2277 798 2300 errat

117 2321 282 2359 vorstius
315 2321 448 2357 rectius
477 2331 612 2368 putans
649 2325 796 2369 praesto

117 2381 189 2427 esse
215 2390 323 2426 quam
358 2379 490 2432 adeſj’e.
522 2378 604 2414 Cic.
637 2378 683 2413 ad
712 2379 798 2415 Div.

117 2437 184 2473 lv.
213 2444 246 2478 8.
278 2448 320 2472 ut
351 2437 404 2471 ad
428 2437 574 2475 omnia,
615 2449 708 2485 quae
738 2438 798 2472 tui

116 2496 262 2533 velint,
305 2494 427 2538 adsim
459 2493 630 2538 praesto.
670 2492 733 2527 ubi
763 2505 796 2530 v.

117 2550 265 2587 Manat.
297 2549 400 2584 Curt.
430 2549 511 2585 VII.
554 2562 582 2586 ι.
609 2551 724 2587 edicit
754 2561 797 2586 ut

118 2621 243 2644 omnes
270 2609 311 2642 in
337 2606 521 2653 vestibulo
539 2609 668 2655 regiae
686 2619 796 2652 prae·

108 2667 174 2713 seo
195 2666 391 2711 adforent.

166 2733 223 2759 22.
268 2723 370 2758 omni
394 2720 561 2767 fautrix
592 2720 798 2766 familiae]

871 2221 932 2246 re,
975 2218 995 2239 a
1031 2218 1103 2252 quo
1132 2204 1325 2241 derivatur.
1356 2204 1395 2238 in
1434 2205 1548 2238 Haec.

873 2262 967 2312 prol.
998 2264 1043 2297 II.
1071 2269 1131 2306 4ο-
1160 2275 1202 2299 uc
1230 2267 1356 2310 vestra
1386 2264 1551 2298 auctori·

873 2333 936 2357 cas
964 2321 1128 2365 fautrix
1156 2319 1227 2366 fic.
1267 2331 1299 2355 v.
1341 2317 1462 2354 Bentl.
1501 2316 1551 2352 ad

873 2376 914 2412 h.
935 2372 978 2412 l.'
1002 2375 1006 2378 ’

919 2441 978 2477 25.
1007 2444 1048 2469 ut
1076 2431 1246 2470 haeream
1273 2433 1314 2467 in
1338 2424 1452 2477 parite
1481 2431 1554 2465 ali·

874 2491 971 2541 qua]
1037 2490 1063 2524 i.
1096 2502 1127 2523 e.
1158 2498 1198 2523 ut
1226 2487 1351 2524 saltem
1381 2488 1553 2523 ultimum

873 2548 997 2583 locum
1028 2546 1066 2582 iu
1086 2558 1208 2581 amore
1230 2556 1386 2581 teneam.
1409 2545 1489 2580 Cic.
1512 2544 1553 2578 in

872 2604 1000 2641 Vatin.
1041 2617 1071 2638 c.
1104 2611 1138 2647 5.
1174 2603 1253 2638 Liv.
1283 2605 1330 2640 V.
1359 2615 1392 2638 2.
1432 2617 1476 2639 ne
1512 2605 1553 2636 in

876 2662 987 2699 curba
1025 2654 1171 2709 quidein
1194 2660 1347 2698 haerere
1371 2661 1553 2706 plebeium

876 2731 1094 2767 quemquam
1114 2717 1176 2753 ubi
1197 2731 1230 2754 v.
1248 2718 1409 2754 Gronov.
