1812 3100
191 165 285 213 252
621 186 623 188 ·
681 160 1104 210 EUNUCHUS.
1187 197 1193 201 Γ
1517 163 1520 166 “
1767 0 1812 301 Ῑ

184 289 408 346 Τεῇωη]
432 294 626 343 facinus
649 292 812 341 audet.
837 300 897 353 72)
942 297 1032 342 PY.
1052 291 1189 358 Quid
1208 292 1277 341 ita
1297 291 1616 353 tanturn?73)„
1657 315 1668 321 „
1709 276 1711 279 Ι

542 363 673 409 PAR.
701 367 888 410 ,Annon
913 360 1003 409 tibi
1031 359 1125 409 hoc
1149 378 1436 409 maxumum
1464 360 1563 408 est?
1617 365 1630 384 ¹

184 432 315 498 Quis
338 429 489 479 homo
511 445 603 493 pro
627 427 836 506 ruoeoho
861 447 1086 496 unquam
1107 427 1232 479 vidit
1254 429 1305 477 in
1326 427 1476 477 domo
1499 443 1597 476 me-

542 509 743 545 retricia

185 562 430 615 Prehendi
464 565 523 624 74)
570 566 911 630 quemquam?
984 565 1077 611 PY.
1110 563 1300 612 Nescio.
1366 564 1498 611 PAR.
1533 566 1597 611 At

545 649 608 680 ne
632 637 691 693 75)
724 630 822 680 hoc
852 630 1077 679 nesciatis
1109 634 1148 690 *)
1183 629 1242 693 76)
1281 630 1498 696 Pythias,

113 716 168 764 4ο
183 702 340 758 Dico,
402 697 546 748 edico
591 699 758 758 vobis,
801 699 1022 747 nostrum
1085 698 1176 747 esse
1228 698 1370 747 illum
1424 696 1595 752 erilem

543 766 714 815 filium.
739 771 798 826 77)
866 768 958 813 PY.
994 763 1116 814 hem.
1324 823 1329 829 ι

187 837 401 887 Obsecro
422 854 487 885 an
506 837 550 884 is
572 837 672 883 est?
708 835 839 882 PAR.
861 835 939 881 Ne
961 850 1115 899 quam
1126 837 1185 894 78)
1218 831 1423 882 inillum
1434 831 1595 883 Thais

538 904 634 952 vim
660 900 767 950 fieri
791 908 850 961 79)
889 899 1020 951 [inat.

186 978 354 1041 Atque
386 970 512 1020 adeo
547 984 711 1020 autern
745 987 837 1019 cur
867 986 969 1017 non
999 983 1195 1036 egomet
1224 966 1458 1019 introeo?
1500 963 1596 1017 ‘PY.

541 1038 665 1087 Vide
687 1042 932 1086 Parmeno
960 1039 1019 1095 8⁰)

184 1108 321 1177 Quid
346 1126 490 1175 agas,
525 1125 587 1155 ne
611 1124 776 1172 neque
795 1104 866 1153 illi
894 1101 1049 1170 prosis
1075 1117 1124 1153 et
1143 1118 1199 1154 tu
1223 1121 1411 1171 pereas.
1462 1105 1598 1153 Nam

542 1175 639 1223 hoc
662 1187 856 1238 putant.

183 1243 439 1313 Quicquid
475 1243 663 1291 factum
706 1243 792 1299 esu,
843 1258 872 1288 a
904 1253 953 1288 te
988 1241 1029 1298 *)
1065 1240 1156 1288 esse
1197 1252 1376 1288 ortum.
1461 1238 1596 1286 PAR.

542 1309 676 1375 Quid
703 1311 853 1375 igitur
889 1308 1063 1356 Faciam
1091 1308 1263 1355 miser?

112 1380 380 1448 45Quidve
398 1376 667 1445 incipiam?
717 1381 843 1428 Ecce
875 1381 1041 1425 autem
1069 1393 1185 1424 rure
1208 1373 1361 1437 ‚video
1390 1371 1596 1422 redeun-

541 1460 639 1494 tem
672 1446 845 1494 senem.
879 1450 940 1504 8¹)
1400 1446 1405 1451 “

183 1518 364 1566 Dicam
394 1514 535 1573 huic,
572 1517 773 1562 annon?
846 1513 1024 1561 Dicam
1051 1509 1230 1570 hercle,
1277 1509 1362 1559 etii
1389 1514 1450 1572 82)
1496 1527 1597 1559 ma-

540 1600 694 1648 gnum
726 1580 843 1629 mihi
865 1578 1052 1628 malum
1586 1578 1589 1581 ’

184 1653 299 1703 Scio
323 1664 569 1718 paratum.
636 1649 731 1698 Sed
767 1649 953 1697 necesse
984 1648 1073 1703 est,
1108 1644 1227 1695 huic
1247 1650 1308 1707 83)
1344 1659 1401 1694 ut
1429 1643 1597 1696 subv'e-

542 1718 659 1765 niat.
727 1720 817 1764 PY.
853 1719 1007 1781 Sapis.
1032 1717 1092 1771 84)
1446 1732 1450 1734 ·

186 1793 289 1856 Ego
324 1787 450 1836 abeo
486 1787 631 1834 intro.
665 1797 719 1831 tu
754 1785 827 1831 isti
858 1789 920 1840 85)
967 1790 1181 1829 ‘narrato
1227 1798 1426 1829 ornnem
1469 1778 1594 1829 ordi-

227 1857 230 1860 ’
541 1870 655 1900 nem
676 1855 714 1912 *)
748 1849 812 1910 86)
845 1864 902 1898 ut
920 1849 1109 1898 factum
1128 1846 1196 1897 fit.
1603 1847 1606 1850 ’

244 2014 302 2058 72)
329 2009 503 2044 Chremes
535 2007 647 2042 facere
705 2008 762 2051 73)
790 2017 865 2038 non
900 2003 1043 2038 auderet
1098 2003 1162 2049 74)
1188 2000 1412 2049 deprehendi
1467 2001 1531 2047 75)
1555 1999 1595 2035 id

289 2067 339 2104 est
360 2077 399 2100 ut
421 2065 550 2099 sciatis.
577 2063 699 2098 litotes
745 2063 775 2102 ⁶)
798 2062 886 2099 edic.
907 2063 1010 2095 Anne
1030 2060 1102 2095 hoc
1123 2058 1287 2094 nesciatis
1344 2058 1409 2105 76)
1431 2056 1492 2092 sed
1510 2057 1599 2092 scia·

288 2124 335 2160 tis
383 2123 447 2168 77)
474 2121 613 2156 domini
634 2119 705 2154 mei
754 2120 816 2165 78)
840 2132 885 2152 ne
903 2119 1061 2165 aliquam
1109 2117 1172 2162 79)
1199 2115 1258 2150 dic
1286 2114 1319 2149 ei
1374 2115 1438 2160 8ο)
1464 2125 1486 2148 ο
1514 2115 1596 2148 Par-

287 2192 397 2215 meno
464 2178 494 2219 *)
532 2179 620 2213 edic.
654 2189 700 2211 en·
724 2186 760 2211 te
830 2176 893 2221 81)
927 2176 1064 2222 patre'm
1102 2174 1179 2208 eius
1248 2175 1307 2215 82)
1354 2169 1451 2206 deest
1486 2170 1595 2206 etiam

285 2237 350 2282 83)
385 2235 460 2270 filio
490 2234 552 2269 [uo
617 2237 675 2277 84)
702 2233 878 2278 sapienter
899 2231 988 2267 dicis
1046 2229 1109 2276 85)
1135 2228 1221 2265 [eni-
1263 2228 1295 2271 ⁴)
1324 2228 1417 2265 edit.
1449 2238 1594 2262 omnem

286 2306 363 2329 rem
381 2292 507 2327 ordine
562 2291 626 2338 86)
651 2290 696 2325 de
715 2290 790 2325 filio
810 2290 898 2325 eius.
1475 2312 1477 2315 -
1572 2274 1581 2284 “

227 2463 284 2507 Ᾰο.
307 2463 427 2507 edico]
457 2461 537 2508 plus
557 2461 607 2496 est
627 2473 733 2508 quam
754 2460 850 2495 dico.
927 2459 1055 2494 ninum
1074 2472 1134 2494 res
1160 2455 1240 2505 post
1260 2454 1295 2490 se
1320 2453 1454 2490 habere
1480 2451 1593 2487 diver-

183 2521 264 2555 Hoc
288 2520 383 2553 enim
412 2519 516 2553 verbo
547 2530 696 2553 utuntur
716 2531 850 2565 poenas
925 2515 1001 2550 sum
1022 2528 1144 2562 genus.
1193 2514 1254 2548 Sic
1282 2513 1319 2546 in
1339 2512 1468 2545 Heaut.
1488 2510 1535 2543 V.
1560 2521 1591 2544 ι.

173 2576 389 2615 'min-antes,
435 2575 504 2611 nili
536 2575 642 2611 dictis
669 2574 739 2611 suis
768 2574 852 2609 obe·
926 2581 959 2615 5.
982 2587 1022 2608 ιη
1050 2586 1104 2607 me
1129 2572 1290 2620 quodvis
1316 2568 1591 2621 harum-rerum

185 2630 316 2668 diatur.
925 2632 1100 2665 convenit
1117 2631 1310 2675 quaesunt
1328 2626 1432 2660 dicta
1447 2626 1487 2659 in
1497 2624 1594 2669 stul-

228 2695 286 2732 43.
309 2702 427 2724 narra
451 2704 527 2725 rem
555 2703 695 2726 omnem
725 2699 766 2724 uc
779 2689 850 2732 fa·
925 2698 1014 2723 cum.
1041 2698 1073 2720 v-
1098 2685 1234 2721 Duker.
1266 2681 1313 2716 ad
1331 2681 1409 2716 Liv.
1439 2681 1466 2715 1.
1486 2687 1520 2723 3.
1567 2719 1570 2722 ¹

182 2757 280 2783 ecum
298 2746 380 2791 fic]
429 2745 646 2781 Notandum
674 2743 724 2781 est
749 2743 851 2778 femi-

1793 301 1812 469 j

1809 487 1812 547 i
