1780 3100
173 172 268 220 ,οε
343 143 347 147 ’
724 170 1026 219 ANDmA.

166 308 275 355 Nec
295 301 583 369 postulabat
603 320 740 352 nuuc
760 305 1034 372 quisquam
1056 321 1263 353 uxorem
1284 302 1414 354 dare.

164 376 264 421 CH.
299 374 425 421 Scio.

409 447 415 456 ·
519 441 685 496 Mane,
711 441 772 499 ¹⁰)

496 374 582 418 Tu
622 380 949 421 coactus'tua
985 371 1245 423 voluntate
1287 389 1353 422 es.

1429 368 1580 442 PAM.

90 516 146 561 35
159 506 401 557 Nondum
428 506 532 555 scis.
599 510 695 555 CH.
723 507 839 557 Scio
866 505 1102 574 equidem
1135 506 1271 556 illam
1306 505 1582 557 ducturum

520 574 612 622 esse
634 586 695 623 te.

163 645 312 691 PAM.
347 645 448 690 Cur
471 659 550 690 me
572 646 787 692 enecas?
812 644 850 704 *)
875 645 933 703 ¹¹)
968 640 1068 691 hoc
1090 640 1220 691 audi.
1284 624 1581 710 Numquam

519 709 701 758 destitit

158 773 356 834 Instare,
386 791 444 826 ut
468 777 683 826 dicerem
708 795 786 825 me
809 776 901 825 esse
925 775 1195 825 ducturum
1218 776 1366 841 patri,

159 845 402 904 Suadere,
452 863 624 902 orare,
677 862 842 911 usque
899 843 1026 893 adeo
1071 848 1129 903 ¹²)
1194 842 1373 894 donee
1400 857 1579 910 perpus-

513 912 581 962 lit.
622 916 679 972 Ι5)

155 983 254 1030 CH.
280 981 408 1049 Quis
431 980 585 1031 homo
610 982 769 1029 istuc?
803 982 952 1027 PAM.
975 981 1164 1028 Davus.
1215 981 1313 1027 CH.
1335 980 1525 1030 Davus.
1537 979 1581 1039 *)

516 1052 665 1116 ΒΑΜ.
722 1051 898 1096 Davus
941 1050 1002 1108 **)
1066 1046 1386 1096 interturbat.
1479 1051 1579 1098 CH.

515 1115 890 1181 Quamobrem?
927 1118 1098 1163 'PAM.
1132 1115 1325 1176 Nescio,
1382 1126 1385 1130 ⁴
1565 1128 1568 1131 ’

82 1198 139 1246 4ο
154 1182 259 1235 Nifi
291 1183 411 1233 mihi
432 1187 571 1233 Deos
606 1185 722 1232 satis
755 1184 854 1233 scio
892 1182 1028 1231 fuisse
1061 1184 1242 1241 iratos,
1285 1183 1375 1250 qui
1401 1186 1459 1242 ¹3)
1492 1201 1577 1233 au·
1627 1229 1632 1233 .

512 1250 839 1301 scultaverim.

157 1322 256 1368 CH.
290 1324 499 1370 Factum
518 1322 588 1372 est
608 1319 718 1375 hoc,
741 1321 916 1368 Dave?
939 1320 995 1378 Ι4)
1047 1320 1199 1365 DAV.
1220 1321 1441 1368 Factum.
1477 1320 1574 1367 CH.

505 1391 646 1436 Hem.
682 1387 807 1455 quid
828 1387 932 1436 ais?
965 1384 1032 1434 ho
1055 1388 1094 1446 *)
1129 1384 1288 1435 scelus
1315 1391 1372 1447 ι6)
1530 1396 1535 1400 ·

220 1543 283 1588 ιο)
309 1554 458 1591 expecta
505 1543 536 1584 *)
559 1545 652 1580 edic.
677 1542 799 1578 enicas
820 1545 918 1580 male
969 1544 1029 1588 u)
1051 1541 1223 1588 iugulatis
1247 1550 1282 1576 et
1309 1540 1480 1577 interficis
1501 1542 1577 1578 tuis.

259 1599 390 1635 verbis·
424 1600 485 1646 12)
521 1600 560 1634 in
589 1611 730 1636 tanturn
774 1603 842 1648 13)
866 1600 1045 1649 compulit
1088 1600 1124 1645 ⁴¹)
1160 1600 1251 1635 edic.
1279 1611 1359 1634 cum
1379 1599 1496 1647 signo
1517 1603 1574 1636 ἰη-

259 1669 347 1693 terr·
371 1660 471 1707 quod
489 1659 586 1693 male
603 1661 747 1695 excidit
766 1674 815 1695 ex
843 1661 925 1695 cod.
972 1659 1018 1700 **)
1043 1659 1134 1695 edit-
1159 1658 1266 1691 Zeun·
1287 1658 1409 1693 omitt.
1435 1657 1571 1691 Davus·

260 1715 432 1760 {Vester-ln.
454 1730 523 1760 pro
548 1717 652 1752 Dav·
672 1719 798 1753 intere.
829 1719 935 1753 dedit
961 1715 1084 1750 Davus
1111 1713 1248 1747 omnia.
1298 1713 1371 1748 Sed
1397 1714 1497 1749 dura
1520 1714 1572 1757 est

257 1771 401 1816 ellipfis
453 1772 512 1817 ¹3)
537 1771 571 1806 ei
623 1773 683 1818 ¹4)
709 1784 730 1806 a
747 1783 783 1808 te
829 1773 865 1819 **)
890 1774 988 1819 abest
1015 1771 1243 1807 exclamatio
1271 1783 1341 1814 pro
1371 1782 1393 1805 o
1420 1774 1462 1808 in
1479 1772 1570 1808 edic.

263 1829 324 1873 15)
360 1826 588 1864 exclamatio.

154 1962 244 1998 haee
260 1960 483 1996 nominativo
499 1962 592 2008 plur.
605 1975 672 2008 pro
690 1963 759 2001 hae
772 1964 825 1999 di-

155 2031 247 2054 cere.
268 2018 464 2055 v.Bentlei.
483 2017 586 2066 supra
608 2018 653 2053 ad
673 2021 700 2054 Ι.
725 2033 823 2067 ι.99.

199 2083 257 2121 34.
277 2076 399 2120 mane]
423 2075 471 2110 fic
493 2075 632 2115 dicunt.
648 2077 824 2124 quiaegre

153 2133 284 2172 ferunt,
310 2131 411 2167 suum
430 2130 630 2167 sermonem
654 2134 698 2168 ab
712 2134 823 2168 altero

152 2189 388 2238 interpellari,
416 2188 455 2222 in
478 2189 610 2225 Heaut.
627 2191 671 2225 ΙΙ.
693 2199 725 2233 3.
745 2199 799 2233 32.

199 2249 255 2290 56.
281 2260 346 2283 cur
374 2261 429 2282 me
452 2247 608 2291 enecas]
657 2247 682 2282 i.
712 2261 742 2282 e.
763 2260 825 2282 cur

152 2304 247 2341 mihi
271 2302 441 2338 molestus
463 2316 499 2338 es
530 2304 823 2352 interpellatione

152 2373 229 2402 tua,
266 2362 304 2396 in
328 2362 419 2395 Eun.
446 2361 510 2396 ΙΙΙ.
534 2369 568 2403 5.
588 2361 622 2396 6.
649 2365 822 2410 rogitan-

153 2422 203 2458 do
225 2420 419 2456 obtundat,
439 2429 573 2453 enecet.

197 2475 375 2522 4o.nz[fi]
448 2486 513 2520 pro
546 2475 617 2522 sed
662 2474 820 2522 ponitur,

81 2544 83 2546 '
151 2532 359 2582 praelertim
390 2530 470 2578 post
498 2535 628 2578 neseio.
685 2533 820 2567 Teren-

151 2591 196 2627 tii
239 2588 401 2635 exempla
441 2588 586 2633 collegit
621 2589 819 2629 Bentleius‚

153 2646 305 2681 aliorum
332 2644 540 2692 scriptorum
570 2646 744 2681 Graevius
775 2645 822 2679 ad.

151 2704 268 2740 Plaut.
285 2701 515 2738 Menaechm.
539 2702 577 2736 in
598 2702 688 2750 prol.
711 2716 743 2737 v.
763 2711 821 2750 59..

153 2771 190 2798 ot
208 2759 350 2798 Duker.
373 2757 420 2794 ad
439 2759 517 2795 Liv.
536 2761 668 2797 XXIX..
689 2772 746 2795 20.

945 1965 1037 2003 mihi
1056 1966 1158 2000 Deos
1167 1963 1285 2010 fuisse
1299 1960 1444 2005 iratos]
1492 1959 1517 1995 i.
1537 1972 1569 1995 e.

899 2035 958 2057 me
978 2021 1084 2057 stulte
1105 2018 1223 2066 egisse,
1248 2032 1322 2053 non
1343 2017 1426 2053 satis
1446 2015 1569 2052 sanam

900 2089 1059 2113 mentem
1116 2074 1292 2111 habuiffe.
1360 2073 1570 2111 Credebant

901 2136 998 2171 enim
1019 2145 1165 2172 veteres,
1183 2134 1284 2168 Deos
1302 2132 1348 2171 ei,
1376 2143 1483 2179 quem
1505 2144 1571 2179 pu-

900 2194 978 2227 nire
1003 2190 1156 2229 vellent,
1204 2201 1364 2225 mentem
1398 2199 1433 2223 et
1458 2187 1570 2224 confi-

899 2250 991 2285 lium
1019 2249 1166 2296 eripere.
1187 2246 1224 2281 in
1245 2246 1392 2281 Phorm.
1413 2247 1441 2282 I.
1457 2257 1492 2280 2.
1510 2252 1568 2289 24.
1601 2286 1604 2290 ⁴

899 2309 1050 2344 memini
1076 2306 1240 2354 relinqui
1268 2310 1324 2339 me‘
1355 2304 1438 2339 Deo
1466 2305 1571 2338 iram

898 2379 989 2401 meo.
1021 2362 1174 2399 Phaedr.
1200 2361 1265 2396 IV.
1296 2371 1348 2405 19.
1376 2367 1428 2402 ¹5·
1477 2361 1567 2396 Diis

897 2426 948 2469 esc
970 2425 1084 2458 iratis
1113 2432 1243 2458 natus,
1279 2419 1343 2467 qui
1365 2417 1568 2463 estfimilis

897 2480 988 2515 tibi.
1015 2478 1078 2513 ubi
1104 2490 1135 2511 v.
1156 2476 1380 2521 interpretes.
1428 2475 1567 2509 Contra

897 2536 955 2576 iis,
981 2535 1044 2582 qui
1066 2534 1185 2569 [anam
1204 2541 1360 2566 mentem
1378 2530 1565 2571 haberent,

896 2593 993 2627 Deos
1015 2590 1191 2640 propitios
1221 2587 1289 2623 este
1311 2587 1500 2627 dicebant,
1526 2587 1567 2624 iu

896 2650 1043 2684 Phorm.
1071 2649 1136 2684 IV.
1157 2655 1190 2690 3.
1222 2654 1327 2689 31.V.
1346 2643 1502 2683 Btiffon.
1518 2643 1569 2680 de*

897 2705 1042 2741 formul.
1070 2707 1111 2744 L.
1131 2706 1159 2740 1.
1180 2717 1216 2752 p.
1239 2715 1316 2738 ιοο.
