1812 3100
307 137 418 192 ‚142
472 129 474 138 '
810 114 814 121 ’
866 127 1174 194 ANDR1A.

247 281 304 328 4ο
319 259 582 330 Numquid
601 260 894 309 meministi?
958 263 1047 311 CR.
1082 261 1136 311 ld
1158 281 1361 330 quaero.
1428 267 1579 314 PAM.
1604 264 1730 332 Ego·

675 347 738 378 ne
758 327 909 379 huius
933 333 993 388 37)
1015 331 1303 380 memoriam
1325 333 1490 399 patiar
1508 337 1569 393 38)
1591 351 1732 382 meae

319 398 582 465 Voluptati
623 395 836 454 obstare,
881 416 1008 453 cum
1041 412 1238 464 egomet
1269 398 1442 466 possim
1473 401 1526 448 in
1555 398 1732 455 haere
1795 435 1797 437 ·

676 464 912 513 medicari
933 470 993 527 39)
1026 465 1180 514 mihi?
1271 487 1277 495 ν
1642 499 1644 501 -

319 538 440 586 Non
460 533 645 599 patiar:
680 531 807 581 heus
822 532 1048 581 Chreme!
1083 533 1223 599 quod
1251 535 1465 600 quaeris,
1487 533 1733 584 Paffibula

391 649 398 659 ,
619 635 624 639 .
673 600 751 647 est.
819 602 909 656 CR.
939 601 1042 666 Ipsa
1064 604 1148 649 elt.
1175 603 1179 607 ”
1215 604 1355 650 CHR.
1391 605 1460 650 Ea
1483 603 1560 652 est.

316 672 466 719 PAM.
514 671 586 716 Ex
614 668 717 734 ipsa
750 665 909 715 milies
936 672 998 727 4⁰)
1044 667 1229 718 audivi.
1306 673 1372 719 SI.
1415 673 1602 719 Omnes
1634 688 1731 720 nos

673 733 889 800 gaudere
904 737 964 794 41)
1000 733 1110 793 hoc,
1129 735 1376 795 Chremes,
1394 740 1455 797 42)

318 809 397 854 Te
427 802 578 854 credo
605 802 818 851 credere.
886 804 1025 850 CHR.
1060 807 1131 851 Ita
1158 821 1236 851 me
1258 806 1340 862 Di,
1363 809 1425 865 43)
1456 808 1670 865 ament?
1690 808 1731 867 '*)

677 868 842 918 credo.
907 873 1058 918 PAM.
1093 869 1218 937 quid
1249 872 1397 920 restat
1425 872 1600 936 pater?
1738 884 1743 896 ‘

244 952 300 1004 45
315 944 380 991 SI.
412 944 518 988 Iam
555 935 743 994 dudum
770 953 849 986 res
883 938 1084 987 reduxit
1109 956 1188 986 me
1216 937 1319 1004 ipsa
1351 941 1408 987 in·
1424 940 1648 1004 gratiam.
1667 941 1732 999 44)

499 1056 501 1059 ,
676 1008 826 1054 ΡΑΜ.
875 1009 917 1054 Ο
946 1004 1169 1072 lepidum
1201 1008 1266 1065 45)
1302 1022 1509 1072 patrem.

313 1079 394 1125 De
421 1091 580 1123 uxore
610 1073 682 1120 ita
721 1086 780 1120 ut
807 1073 995 1138 possedi
1035 1073 1160 1121 nihil
1199 1087 1364 1123 mutat
1390 1071 1639 1124 Chremes.
1667 1070 1733 1134 4⁶)

671 1142 809 1188 CHR.
846 1142 1004 1190 Causa
1025 1142 1214 1208 optima
1239 1135 1319 1200 est,
1385 1155 1390 1162 ’
1554 1152 1557 1155 ’
1810 1147 1812 1150 ’

315 1209 420 1262 Nisi
437 1207 567 1277 quid
585 1220 732 1275 pater
760 1207 896 1257 aliud
918 1210 1000 1257 ait.
1058 1207 1206 1257 PAM.
1239 1210 1446 1275 Nempe.
1467 1208 1529 1269 47)
1593 1211 1659 1259 81.
1677 1208 1732 1258 Id

668 1274 859 1325 scilicet.
880 1280 941 1336 48)
1010 1278 1149 1325 CHR.
1185 1277 1296 1325 Dos
1319 1276 1562 1343 Pamphili
1577 1273 1706 1337 *fest
1806 1286 1812 1292 ‘

315 1350 504 1396 Decem
523 1342 723 1403 talenta.
793 1347 941 1393 PAM.
974 1345 1194 1411 Accipio.
1248 1347 1388 1394 CHR.
1422 1349 1643 1411 Propero
1667 1345 1730 1396 ad

672 1409 838 1460 filiam.
866 1419 926 1474 49)
963 1412 1058 1460 eho
1095 1429 1293 1461 mecum
1314 1413 1448 1461 Crito
1464 1411 1478 1471 ς’
1497 1418 1558 1476 5⁰)

310 1486 444 1533 Nam
466 1478 600 1528 illam
620 1497 700 1527 me
724 1479 875 1528 credo
894 1479 1033 1528 haud
1056 1480 1198 1528 nolse.
1253 1482 1320 1538 SI.
1347 1483 1448 1529 Cur
1470 1498 1575 1530 non
1593 1478 1729 1529 illam

671 1546 774 1596 huc
795 1548 1054 1597 transferri
1077 1546 1255 1596 iubes?
1354 1610 1356 1613 Ι

240 1630 293 1672 5ο
308 1620 459 1668 ΡΑΜ.
481 1617 646 1666 ‘Recte
679 1633 949 1664 ammones.
1018 1616 1164 1663 Davo
1193 1632 1285 1680 ego
1315 1615 1439 1664 istuc
1472 1615 1727 1677 dedam51)

666 1684 766 1731 iarn
789 1683 990 1749 negotii.
1055 1685 1120 1732 SI.
1156 1685 1273 1732 Non
1293 1685 1469 1751 potest.

370 1846 434 1892 37)
460 1843 621 1880 Critonis
685 1846 745 1886 58)
772 1842 971 1890 expectabo
1001 1852 1037 1878 et
1061 1842 1268 1890 permittam
1323 1843 1388 1888 59)
1422 1855 1557 1879 nomen
1587 1844 1728 1882 edicere

416 1906 478 1946 4ο)
503 1898 686 1948 quomodo
712 1911 898 1949 vocaretur
936 1900 1002 1946 41)
1027 1909 1170 1947 oportet
1201 1902 1261 1942 42)
1286 1911 1308 1932 o
1328 1897 1501 1935 Chremes
1547 1901 1612 1947 45)
1635 1901 1728 1938 bene

409 1961 445 2006 ⁴)
469 1959 563 1995 edic.
594 1958 696 2004 absq.
717 1958 834 2005 signo
864 1961 1045 2003 interrog.
1092 1956 1157 2001 44)
1181 1965 1280 1989 tuam
1327 1958 1392 2000 45)
1417 1955 1559 1991 dulcem
1585 1956 1727 1994 suavem

411 2016 477 2060 46)
503 2013 586 2048 vel?
631 2018 691 2058 47)
725 2013 821 2048 nihil
854 2012 955 2046 aliud
984 2011 1082 2046 dicet
1143 2012 1208 2056 43)
1230 2011 1416 2048 consentio
1461 2014 1491 2054 ⁴)
1514 2016 1728 2050 edic‚Pam-

409 2071 514 2120 phile
545 2072 609 2117 49)
635 2067 753 2106 meam
780 2069 987 2116 Glycerium
1019 2070 1084 2113 50)
1109 2081 1130 2103 o
1150 2068 1251 2103 Crito
1270 2068 1352 2103 veni
1391 2070 1458 2115 5¹)
1487 2072 1726 2109 committam.

306 2264 428 2302 nullos
447 2262 566 2298 nodos
585 2262 708 2301 habet.
730 2262 919 2309 v.·Festum
938 2262 979 2297 in
1058 2262 1103 2297 de
1148 2261 1282 2297 latinit.
1320 2271 1428 2298 veter.
1462 2261 1655 2298 IurIsconl‘.
1687 2277 1724 2312 p,

301 2324 374 2360 hac
397 2317 496 2356 vo'ce.
1054 2328 1135 2363 331.

349 2385 408 2422 4ο.
455 2375 658 2424 numquid]
728 2374 877 2425 ponitur
910 2387 977 2420 pro
1082 2377 1156 2421 46.
1183 2378 1228 2412 de
1257 2376 1400 2420 uxore]
1448 2376 1473 2410 i.
1495 2389 1526 2411 e.
1549 2375 1648 2424 quod
1676 2376 1724 2411 ad

302 2435 459 2482 simplici
480 2448 576 2470 num.
595 2432 672 2467 Liv.
692 2432 774 2466 VII.
797 2439 852 2474 25.
876 2445 978 2478 num-
1053 2445 1202 2475 uxorem
1228 2432 1369 2467 attinet.
1399 2432 1438 2466 in
1458 2431 1526 2466 Ad.
1541 2433 1587 2466 11.
1611 2445 1640 2467 1.
1662 2441 1723 2476 5ο.

247 2489 252 2503 '
302 2507 410 2538 quem
428 2492 563 2538 plebeii
582 2491 742 2537 confidis
759 2491 975 2534 poeniteret.
1053 2491 1099 2526 de
1130 2501 1308 2535 argento,
1339 2491 1535 2534 somnium.
1563 2488 1642 2523 Cic.
1677 2488 1725 2523 ad

304 2549 555 2585 ubiv.Drak.
1053 2546 1137 2581 Div.
1171 2547 1199 2579 Ι.
1237 2558 1266 2579 ¹.
1310 2545 1503 2588 Hortensii
1534 2548 1724 2598 ‘sententia

349 2612 407 2650 44.
442 2607 550 2642 credo
584 2605 754 2649 credere]
808 2603 890 2639 talis
919 2614 979 2647 ge·
1052 2605 1152 2639 cedit
1172 2604 1352 2647 religioni
1365 2602 1410 2636 de
1431 2600 1609 2638 exercitu.
1636 2600 1724 2634 Sue-

255 2678 259 2683 ’
303 2662 459 2698 minatio
494 2662 543 2697 est
570 2661 662 2695 infra
690 2662 736 2697 V.
769 2674 783 2695 1
805 2671 840 2696 et
863 2672 894 2695 2.
922 2674 977 2694 me
1053 2670 1131 2694 ton.
1163 2660 1201 2692 in
1231 2657 1355 2693 Tiber.
1385 2670 1414 2692 c.
1440 2665 1491 2698 ¹3-
1523 2658 1568 2691 de
1594 2660 1722 2704 cogni-

301 2731 408 2766 putet
445 2734 523 2756 non
559 2731 705 2764 putare.
754 2730 786 2762 v,
832 2715 974 2752 Duker.
1054 2718 1154 2752 tione
1173 2713 1374 2760 intercessit
1395 2716 1596 2760 Augustus.
