1780 3100
648 140 691 186 Α
706 155 733 184 c
748 157 794 186 τ.
829 138 907 184 1V.

979 137 1152 186 Scan.
1188 138 1222 186 Ι.
1554 152 1650 201 109

219 270 288 323 At
311 268 401 324 tibi
430 252 519 325 Dii
550 262 759 339 dignum
792 271 939 323 factis
976 273 1186 322 exitium
1209 268 1266 333 16)
1301 269 1460 320 duint.
1493 273 1552 332 ¹7)

218 340 342 401 Eho,
360 341 443 393 dic
466 340 599 391 mihi.
663 342 716 391 Si
737 349 914 390 ornnes
941 346 997 403 ¹8)
1034 341 1172 392 hunc
1196 347 1252 405 ¹9)
1291 341 1579 391 coniectum
1599 340 1654 389 in

580 411 789 477 nuptias

215 477 412 528 Inimici
439 476 640 537 veilent,
664 478 806 545 quod
828 476 918 527 nifi
939 477 1037 528 hoc
1071 476 1330 528 confilium
1353 481 1414 539 2⁰)
1444 475 1654 526 darent?

144 548 368 610 245DAV.
411 549 673 614 Deceptus
706 548 810 596 sum
847 561 901 595 at
940 565 1047 597 non
1080 547 1393 614 defetigatus.
1421 551 1484 606 ²¹)
1550 548 1657 596 CH.

579 617 708 665 Scio.

217 685 365 733 DAV.
400 686 514 733 Hac
532 701 637 733 non
661 680 896 741 successit,
921 692 982 745 2²)
1016 681 1117 732 alia
1137 683 1483 750 aggrediemur
1504 683 1600 733 via.

218 749 324 802 Nifi
346 751 400 800 id
429 765 608 819 putas,
643 753 769 820 quia
789 755 953 816 primo
978 751 1211 819 proeeffit
1238 771 1434 819 parum,
1458 756 1521 812 23)

215 822 338 870 Non
370 822 504 887 posse
535 821 635 869 iam
669 820 734 869 ad
763 820 968 869 salutem
1004 821 1231 870 converti
1262 820 1359 870 hoc
1390 819 1591 869 malum.

217 891 371 938 PAM.
407 893 565 938 Immo
587 890 751 938 etiam.
817 892 952 939 Nam
974 889 1089 938 satis
1111 888 1278 949 credo,
1300 888 1331 937 fi
1362 887 1658 956 advigilave-

579 958 663 1016 ris,
691 959 753 1018 ²⁴)

147 1035 201 1078 50
215 1028 287 1076 Ex
315 1024 434 1076 unis
468 1029 529 1087 ²⁵)
574 1027 799 1092 geminas
831 1021 955 1072 mihi
990 1022 1234 1074 conficies
1267 1026 1488 1090 nuptias.

220 1097 370 1144 DAV.
407 1098 524 1159 Ego,
558 1091 832 1160 Pamphile,
861 1090 960 1141 hoc
981 1091 1074 1140 tibi
1105 1110 1198 1157 pro
1222 1094 1423 1142 servitio
1451 1090 1627 1151 debeo,

217 1162 406 1213 Conari
428 1161 679 1221 manibus,
710 1159 931 1228 pedibus
953 1174 1239 1228 noctesque
1262 1174 1312 1210 et
1334 1160 1441 1210 dies

276 1289 345 1336 16)
384 1288 588 1338 periculum
649 1288 711 1333 17)
737 1300 802 1335 pro
824 1285 913 1322 dent
971 1285 1034 1332 18)
1061 1285 1217 1321 inimici.
1255 1289 1420 1324 occurrit
1447 1287 1516 1323 hoc
1540 1290 1658 1334 ipsum

325 1350 442 1412 1⁷5sssp
467 1349 550 1392 2²⁰st
569 1349 609 1382 ἰη
629 1357 739 1382 textu
793 1344 853 1390 19)
880 1343 1113 1391 Pamphilum
1161 1346 1230 1391 20)
1253 1344 1353 1392 quod
1373 1355 1412 1380 tu
1436 1345 1538 1379 Dave
1558 1345 1660 1380 dedi-

323 1404 369 1441 Ιὶι
435 1406 500 1448 21)
526 1402 684 1438 laffatus.
717 1402 778 1436 alii
811 1401 982 1447 fatigatus
1040 1405 1101 1443 22)
1124 1399 1295 1449 prospere
1326 1402 1446 1437 evenit
1493 1407 1553 1445 23)
1578 1417 1659 1451 pro-

250 1493 253 1496 *
327 1461 427 1511 spere
445 1463 566 1496 minus
617 1460 682 1505 24)
704 1459 731 1495 fi
759 1459 810 1494 ita
833 1458 967 1494 callide
986 1459 1100 1506 egeris
1121 1469 1161 1495 ut
1180 1459 1276 1496 nosti
1323 1460 1390 1507 25)
1414 1461 1567 1508 nuptiis.

852 1551 1033 1565 ...Ψ-

265 1617 328 1657 42.
353 1610 418 1656 ae]
468 1620 509 1646 at
538 1608 575 1642 in
595 1607 779 1656 principio
800 1606 904 1643 snum

223 1670 407 1716 eleganter
431 1665 577 1701 inservit
598 1666 846 1711 indignationi
870 1676 906 1701 et

226 1723 499 1775 imprecationi.
522 1723 632 1763 Ovid.
657 1723 758 1772 epist.
775 1725 854 1758 ΧΗ.
874 1737 903 1758 1.

222 1797 264 1822 αι
282 1784 356 1823 ciba·
375 1781 608 1821 Colchorum.
632 1780 706 1815 ubi.
728 1794 758 1815 v.
771 1779 903 1816 Heius.

221 1840 353 1888 Virgil.
365 1838 517 1875 Aeneid.
529 1839 575 1873 11.
587 1846 668 1882 535.
687 1850 730 1874 ac
749 1839 822 1874 cibi
832 1853 902 1885 pro

213 1902 355 1948 scelere
377 1899 570 1934 exclamat
590 1911 659 1940 pro
680 1897 821 1932 talibus
840 1909 905 1932 au-

215 1959 289 2006 fis.
308 1970 340 1992 v.
361 1957 500 1991 Donat.
522 1953 566 1988 ad
590 1954 626 1988 b.
647 1954 672 1992 l.
692 1965 728 1989 et
753 1955 796 1988 ad
810 1955 904 1990 Eun.

223 2014 289 2053 111.
309 2026 342 2050 2.
360 2020 420 2058 41.
443 2023 479 2048 et
499 2012 664 2049 Gronov,
698 2010 745 2046 ad
773 2012 902 2048 sustin.

224 2073 323 2110 XIV.
344 2076 380 2116 4.
432 2082 435 2085 ·

273 2128 407 2173 duint]
457 2125 608 2175 antique
626 2138 693 2174 pro
713 2127 816 2163 dent.

273 2187 336 2223 dic
353 2184 469 2227 mihi]
518 2183 589 2218 hac
612 2183 770 2219 formula
799 2194 906 2219 utun-

228 2254 286 2281 tur
320 2243 380 2278 vel
419 2239 557 2290 curiose
592 2240 816 2289 inquirentes
849 2241 906 2276 vel

229 2300 312 2337 cnm
342 2298 532 2336 stomacho
560 2308 595 2333 et
612 2296 778 2345 superbia
798 2298 908 2333 inter·

227 2367 410 2404 rogantes.
438 2369 469 2394 v.
492 2355 660 2393 Eunuch.
690 2357 718 2391 Ι.
738 2369 772 2391 2.
792 2368 848 2391 20.
868 2356 908 2391 in

229 2416 321 2464 Hec.
352 2415 416 2450 111.
447 2426 480 2449 2.
500 2426 556 2451 21.
580 2424 616 2448 et
636 2411 840 2448 Broukhus.
860 2412 909 2448 ad

227 2474 391 2520 Propert.
413 2473 477 2506 lv.
501 2479 534 2514 3.
553 2466 612 2514 23.
641 2470 840 2506 Burmann.
861 2470 909 2506 ad

231 2527 341 2565 Ovid.
361 2529 464 2576 epist.
485 2529 582 2564 XVI.
602 2534 683 2573 541.

212 2601 215 2605 ·
274 2593 333 2630 48.
358 2586 534 2634 processit
552 2590 711 2634 parum]
760 2586 785 2621 i.
806 2598 838 2623 e.
854 2586 915 2629 inq

230 2642 387 2679 feliciter
423 2644 553 2679 evenit.
592 2646 668 2679 Liv.
703 2644 818 2694 XXII.
851 2652 909 2687 25.

233 2701 336 2750 quod
356 2702 420 2738 ubi
437 2714 572 2747 parum
589 2703 776 2748 proceffic.
825 2703 911 2737 Pro·

233 2757 361 2794 cedere
391 2760 502 2796 etiam
536 2759 748 2807 fimpliciter
776 2758 911 2795 dicitur

981 1620 1048 1654 pro
1076 1619 1118 1640 ex
1147 1616 1232 1641 voto
1264 1608 1418 1643 evenire.
1435 1608 1514 1645 Liv.
1533 1610 1579 1644 Π.
1598 1614 1659 1654 44.

981 1668 1089 1701 velut
1129 1664 1355 1712 proceffiſjbc
1395 1667 1458 1711 Sp.
1497 1669 1659 1705 Licinio,

982 1722 1058 1757 ubi.
1081 1734 1111 1755 v.
1132 1722 1251 1756 Drak.

1025 1786 1084 1826 49.
1101 1783 1202 1826 sacis
1232 1779 1362 1824 credo]
1401 1783 1505 1827 satis
1521 1780 1662 1826 elegan-

980 1847 1032 1872 ter
1058 1837 1223 1882 iungitur
1249 1836 1358 1872 verbo
1379 1839 1490 1873 eredo
1511 1839 1549 1872 in
1568 1839 1661 1874 Eun.

979 1895 1028 1930 V.
1055 1903 1088 1935 8.
1114 1907 1171 1930 21.
1191 1894 1270 1929 Liv.
1294 1895 1393 1929 XXI.
1424 1897 1477 1931 ad
1501 1904 1562 1939 ¹50
1578 1898 1663 1932 mil-

981 1953 1037 1988 lia
1054 1951 1219 1998 habuzyse
1236 1954 1278 1988 in
1296 1956 1412 1989 armis
1420 1956 1521 2000 satis
1544 1955 1664 1990 credi-

982 2018 1066 2049 tur-⁴,
1102 2008 1166 2043 ubi
1199 2022 1230 2045 v,
1251 2009 1353 2045 Duk.
1400 2010 1462 2045 Sic
1491 2010 1661 2058 frequens

983 2067 1033 2103 est
1042 2069 1144 2114 sacis
1162 2069 1321 2112 confiat.

1020 2126 1064 2171 fi
1084 2126 1396 2172 advigilaveris]
1459 2123 1483 2163 ἱ.
1504 2138 1534 2162 ε’.
1555 2125 1581 2159 fi
1604 2138 1664 2159 cu·-

983 2195 1060 2218 ram
1087 2181 1303 2223 intenderis,
1332 2183 1371 2218 in
1392 2182 1542 2218 Phorm.
1570 2184 1598 2218 Ι.
1625 2189 1661 2227 4.

984 2241 1041 2275 26.
1078 2244 1341 2288 cancozmagis
1379 2253 1417 2278 ee
1441 2243 1665 2286 advigilare

986 2311 1142 2346 aequum
1160 2301 1222 2344 esc.
1272 2298 1494 2346 Praepofitio
1518 2300 1572 2335 ad
1591 2299 1663 2332 vim

984 2355 1084 2390 verbi
1106 2366 1212 2400 auget
1233 2355 1271 2391 in
1293 2356 1569 2404 compofitione.

1032 2421 1088 2456 52.
1123 2423 1321 2463 noctesque
1345 2427 1383 2452 ec
1407 2417 1512 2462 dies]
1575 2415 1598 2449 ὶ·
1631 2428 1662 2450 ²-

985 2468 1125 2504 I'umma
1155 2469 1378 2513 affiduitaoe.
1404 2473 1480 2509 fine
1510 2473 1584 2508 ulla
1614 2487 1665 2507 re-

985 2526 1165 2567 milfione.
1185 2529 1223 2563 in
1235 2530 1328 2565 Eun.
1339 2532 1385 2566 II.
1399 2534 1431 2569 ’1.
1448 2540 1499 2575 ¹3-
1517 2531 1663 2579 §ullust-

986 2585 1023 2619 in
1046 2587 1123 2630 [ug.
1141 2597 1172 2620 c.
1193 2594 1249 2629 23.
1268 2597 1303 2623 et
1324 2587 1376 2624 ibi
1397 2589 1498 2638 Cort.
1518 2587 1664 2636 Copula
1735 2590 1739 2593 '

987 2658 1056 2693 que
1076 2643 1258 2689 eleganter
1277 2646 1428 2693 ponitur
1450 2657 1534 2682 ante
1554 2647 1663 2680 aliam

988 2701 1171 2748 copulam.
1195 2702 1232 2736 in
1247 2702 1316 2738 Ad.
1340 2705 1369 2739 I.
1387 2717 1416 2740 1.
1430 2712 1487 2751 39.
1508 2717 1664 2750 aequum

989 2773 1058 2808 que
1084 2772 1121 2796 ec
1158 2760 1307 2802 bonum.
1335 2761 1413 2800 Liv.
1446 2764 1484 2797 in
1514 2760 1664 2809 praefat.
