1760 3086
291 165 392 200 m

292 293 553 331 auctorem
598 276 942 327 illustrandum
977 275 1066 326 fibi
1095 280 1154 326 ‘in
1197 277 1450 344 posterum
1492 270 1701 330 fument.

292 373 617 437 Quapropter
657 367 893 417 rariffime
936 369 1181 418 iudicium
1211 387 1383 418 meum
1411 368 1701 436 interposui,

288 479 514 510 mearum
549 458 646 508 effe
665 471 859 507 tantum
889 462 1106 525 partium
1129 458 1367 522 statuens,
1411 473 1467 509 ut
1486 478 1554 509 ne
1575 459 1701 528 quid

286 554 523 604 intereat,
557 549 699 615 quod
717 549 781 597 ad
803 547 1135 599 sustentandas
1155 563 1205 599 et
1227 537 1591 602 conservandas
1610 549 1701 599 bo-

286 657 376 688 nas
410 639 577 687 literas
615 637 851 686 conferre
876 636 1050 704 potest.
1114 639 1314 706 Siquid
1344 657 1374 688 a
1397 658 1481 691 me
1511 643 1567 690 in
1591 639 1698 708 ipso

286 745 446 795 opere
486 739 757 794 peccatum
792 726 965 789 fuerit,
1025 731 1176 794 aequi
1213 729 1441 797 bonique
1481 730 1701 791 consule,

283 819 446 868 lector
480 818 728 877 candide,
769 835 941 884 neque
968 818 1049 872 vel
1084 821 1137 866 in
1159 817 1263 868 hoc
1295 836 1455 886 opere
1475 821 1703 883 volunta·

282 921 410 970 tem,
445 926 599 975 quam
620 907 816 974 semper
841 924 966 973 prae
987 924 1072 956 me
1090 908 1204 970 tuli,
1239 926 1339 958 nec
1357 908 1448 959 'nifi
1467 893 1704 959 cum'vita

284 1001 567 1066 deponam,
614 1015 708 1064 pro
748 997 960 1045 modulo
992 999 1171 1046 virium
1198 1017 1426 1048 mearum
1457 1000 1525 1050 de
1553 999 1701 1049 bonis
1728 1056 1755 1072 λ

281 1090 436 1142 literis
469 1088 605 1138 bene
632 1088 889 1146 merendi,
925 1085 1048 1134 mihi
1077 1087 1284 1138 defuisse
1312 1068 1471 1157 negeu-
1525 1091 1702 1153 Quan-

285 1199 440 1249 quam
471 1196 578 1227 non
610 1191 807 1238 metuo,
857 1195 925 1225 ne
957 1180 1067 1242 quis
1098 1178 1221 1227 mihi
1254 1180 1550 1245 exprobret,
1594 1170 1701 1229 ina-

284 1289 404 1320 nem
435 1286 520 1319 me
550 1253 773 1335 oper'am'
801 1266 1082 1332 suscepiffe,
1125 1281 1175 1317 et
1212 1286 1391 1335 parum
1430 1269 1699 1320 succeffiss'e

286 1361 428 1428 quod
451 1362 661 1425 egerim,
703 1371 877 1406 tamen
907 1356 940 1405 fi
959 1358 1091 1408 forte
1109 1357 1372 1409 surrexerit
1400 1360 1510 1410 talis
1530 1361 1699 1412 obtre-

282 1466 417 1502 tator
434 1487 447 1511 ,
480 1453 535 1498 in
555 1449 696 1497 illum
715 1464 897 1515 regere

893 1535 980 1578 vel
1005 1536 1166 1580 melius
1193 1545 1293 1580 tute
1323 1538 1441 1581 aliud
1473 1541 1638 1597 reperi.

1289 1618 1439 1663 Andr.
1460 1617 1538 1662 IV.
1559 1632 1601 1664 2.
1623 1622 1692 1674 56-

413 1763 574 1813 Halae
607 1760 778 1812 mense
812 1761 929 1828 Apr.
963 1762 1287 1813 MDCCCXI.
