1812 3100
724 159 727 164 ⁴
766 139 1104 207 PRoLchs.
1174 196 1177 197 ν
1557 154 1651 222 155

332 289 675 351 Argumentum
706 294 859 331 autem
883 286 1106 343 sequentis
1147 285 1325 329 fabulae
1365 285 1657 352 perbreviter¹

227 359 471 404 dicendum
517 359 606 407 est,
662 360 872 414 quoniam
914 355 1015 400 satis
1059 360 1107 398 in
1148 354 1242 416 ipso
1273 364 1492 398 contextu
1531 355 1655 399 vide-

228 431 365 473 bitur.
422 430 476 474 In
505 428 591 473 hac
620 418 770 472 fabula
797 426 1048 472 introducit
1076 426 1318 481 quemdam
1342 429 1549 469 iuvenem
1573 438 1651 467 no-

225 499 353 542 miue'
381 498 673 548 Phaedriam,
722 494 864 539 filium
890 496 1030 544 senis,
1073 499 1148 552 qui
1182 497 1426 540 vocabatur
1455 493 1650 538 Laches.

226 568 462 629 Hicergo
497 568 716 614 Phaedria
761 570 866 611 cum
906 574 1076 609 amaret
1105 565 1328 621 quandam
1364 569 1652 609 meretricem

219 637 576 699 pulcherrimam
606 641 790 682 nomine
813 635 1069 685 Thaidem,
1112 651 1224 692 quae
1249 638 1481 680 amabatur
1499 651 1522 678 a
1545 649 1654 691 quo-

227 708 332 753 dam
352 702 520 759 milite,
549 712 626 765 qui
648 710 891 753 vocabatur
905 705 1109 755 Thraso,
1153 705 1245 765 ipsa
1266 715 1454 765 rogante
1479 709 1589 748 emit
1610 709 1653 748 ei

227 778 488 823 eunuchum
525 782 615 822 iam
648 777 849 822 vetulum
877 792 962 820 nec
996 791 1087 819 non
1119 776 1315 834 puellam
1346 775 1653 835 Ethiopissam.

226 846 503 906 Factumque
525 848 612 898 est,
638 857 689 891 ut
714 863 768 892 eo
792 847 887 907 ipso
918 847 1016 895 die,
1060 861 1149 902 quo
1178 845 1289 889 haec
1321 860 1509 888 munera
1536 845 1654 889 mifit

227 916 449 963 Phaedria
467 921 642 962 iuvenis
666 920 898 960 meretrici
926 915 1097 960 Thaidi
1119 931 1202 975 per
1232 917 1404 960 servum
1426 916 1551 959 suum
1571 932 1653 960 no·

227 990 352 1030 mine
389 986 746 1038 Parmenonem,
798 991 1002 1030 mitteret
1034 989 1074 1028 ei
1099 995 1145 1028 et
1174 985 1300 1029 miles
1322 985 1501 1028 Thraso
1531 985 1654 1044 puel-

227 1055 320 1102 lam
340 1057 441 1101 satis
462 1056 724 1116 pulchram,
762 1070 875 1115 quae
896 1056 1141 1101 vocabatur
1157 1055 1391 1114 Pamphila
1415 1069 1500 1112 per
1518 1070 1655 1112 quen-

230 1125 336 1168 dam
363 1124 600 1185 parafitum
628 1128 777 1175 suum,
819 1130 894 1183 qui
917 1126 1164 1170 vocabatur
1187 1125 1350 1172 Gnato.
1380 1125 1508 1168 Dum
1541 1141 1652 1183 ergo

230 1194 382 1239 Gnato
405 1194 618 1253 parasitus
643 1196 840 1255 puellam
855 1225 868 1245 ,
907 1209 1019 1252 quae
1039 1209 1063 1237 a
1086 1195 1230 1238 milite
1252 1195 1547 1243 mittebatur,
1575 1194 1653 1238 du·

230 1272 356 1308 ceret
369 1263 566 1318 Thaidi,
602 1266 716 1309 vidit
733 1265 851 1325 illam
873 1269 1025 1308 minor
1047 1266 1187 1308 frater
1213 1263 1460 1308 Phaedriae
1484 1266 1559 1320 qui
1579 1278 1654 1307 vo·

230 1334 419 1378 cabatur
457 1324 656 1384 Cherea,
704 1335 814 1378 dum
855 1343 1010 1394 ageret
1038 1349 1095 1377 ex
1137 1334 1376 1378 collatione
1407 1335 1654 1393 prandium

231 1417 335 1448 cum
357 1403 452 1448 aliis
482 1405 837 1449 adolescentibus
858 1409 903 1447 in
926 1409 1138 1463 proximo
1157 1404 1261 1448 loco
1276 1435 1290 1454 ,
1330 1408 1457 1448 cuius
1480 1420 1651 1448 nomen

232 1482 328 1517 erat
357 1472 542 1524 pireus,
586 1484 801 1532 tantoque
830 1479 995 1518 amoris
1037 1476 1199 1519 ardore
1227 1479 1274 1518 in
1303 1475 1426 1518 illam
1454 1476 1652 1534 puellam

234 1542 415 1593 exarsit,
454 1554 505 1587 ut
534 1545 680 1588 statim
715 1545 976 1603 relinquens
1012 1544 1158 1588 socios
1191 1544 1502 1602 insequeretur
1537 1561 1649 1589 eam.

233 1608 328 1656 Sed
366 1622 607 1670 antequam
634 1615 906 1673 pervenisset
938 1615 993 1658 ad
1025 1615 1211 1659 domum
1243 1604 1526 1665 meretricis,
1561 1622 1668 1673 quo'

170 1704 173 1706 v
233 1683 485 1726 ducebatur
508 1684 679 1742 puella,
723 1692 826 1728 ante
858 1687 1119 1730 introduxit
1141 1700 1238 1729 eam
1268 1685 1496 1744 parasitus.
1551 1686 1656 1729 Per-

231 1756 508 1809 veniensque
536 1754 593 1795 ad
627 1758 805 1798 ianuam
834 1756 923 1814 ipse
945 1756 1205 1800 adolescens
1239 1761 1440 1814 repperit
1469 1758 1531 1799 ibi
1553 1755 1654 1799 Par-

229 1837 475 1867 menonem
503 1823 677 1868 servum
709 1825 862 1869 fratris
888 1826 950 1868 sui
970 1825 1238 1875 Phaedriae,
1280 1825 1453 1870 missum
1486 1827 1540 1869 ad
1564 1826 1652 1869 hoc

229 1900 283 1938 ut
315 1891 576 1936 eunuchum
606 1905 650 1936 et
679 1893 973 1954 Ethiopissam
1007 1895 1178 1939 Thaidi
1217 1897 1433 1939 traderet.
1503 1896 1655 1958 Quem

232 1962 343 2006 dum
369 1957 716 2021 percontaretur
750 1966 915 2016 tristis,
963 1983 1081 2026 quo,
1127 1971 1301 2022 inquit,
1345 1969 1455 2010 abiit
1492 1967 1655 2026 puella,

234 2035 296 2076 ait
328 2035 368 2076 ei
395 2032 641 2083 Parmeno,
691 2034 862 2079 Thaidi
897 2037 1063 2080 donata
1098 2038 1172 2080 est.
1264 2036 1389 2080 Tum
1424 2042 1656 2081 communi

234 2101 416 2146 consilio
433 2110 680 2149 tractantes
712 2107 777 2151 illi
805 2107 898 2150 duo
918 2107 1140 2151 Parmeno
1172 2107 1382 2151 videlicet
1404 2107 1579 2157 servuS,
1609 2115 1656 2150 et

235 2171 412 2216 Cherea
437 2173 578 2216 frater
606 2175 778 2220 domini
814 2176 898 2226 sui,
947 2178 1074 2220 exuit
1113 2176 1154 2219 se
1186 2177 1443 2221 adolescens
1478 2177 1657 2222 Cherea

196 2240 199 2242 ’
234 2241 429 2287 vestibus
452 2243 564 2293 suis,
604 2254 649 2287 et
671 2247 855 2290 indutus
881 2246 944 2289 est
965 2246 1157 2290 vestibus
1181 2245 1398 2296 eunuchi,
1445 2252 1657 2304 quoniam

236 2320 347 2355 tunc
367 2316 586 2370 temporis
613 2315 808 2359 eunuchi
828 2316 984 2360 habitu
1010 2321 1143 2359 etiam
1168 2315 1552 2367 discernebantur,
1584 2317 1659 2361 fic·

239 2396 327 2438 que
355 2381 457 2425 loco
489 2384 682 2427 eunuchi
713 2401 812 2428 cum
846 2386 1092 2446 Ethiopissa
1115 2385 1286 2429 Thaidi
1314 2388 1510 2432 traditus
1545 2389 1606 2431 est
1634 2402 1658 2430 a

239 2451 365 2495 servo
394 2453 453 2494 ob
475 2451 563 2496 hoc
589 2454 827 2504 videlicet,
863 2468 914 2499 ut
938 2458 1213 2515 voluptatem
1236 2457 1355 2499 suam
1386 2472 1444 2499 ex
1463 2458 1610 2515 puella
1635 2471 1659 2499 a

241 2521 479 2566 Thrasone
502 2523 622 2567 missa
642 2524 860 2583 expleret.
921 2526 1056 2588 Quod
1080 2531 1142 2569 ita
1164 2530 1368 2584 contigit.
1426 2527 1541 2570 Nam
1571 2527 1659 2569 fine

239 2606 371 2636 mora
409 2590 555 2635 Thais
595 2597 838 2643 meretrix,
883 2596 1068 2654 sperans
1113 2595 1240 2639 illum
1279 2596 1539 2639 eunuchum
1576 2596 1660 2638 esse

242 2663 350 2706 duas
381 2661 621 2708 obscausas
656 2664 864 2707 videlicet
894 2674 1084 2723 propter
1115 2665 1458 2716 vestimentum,
1495 2675 1539 2709 et
1561 2670 1663 2723 quia

242 2733 446 2776 inberbis
478 2731 767 2792 ephebusque
806 2744 925 2785 erat,
967 2739 1088 2778 inter
1119 2743 1292 2780 ceteras
1325 2737 1663 2781 commendavit
