1812 3100
536 167 680 235 AeT.
714 166 791 212 IV.
858 165 1034 215 Seme.
1068 167 1122 215 V.

1445 129 1581 232 ἧς·

113 303 310 358 :Hm-re
338 311 395 353 et
417 312 468 348 te
498 298 637 347 omni
670 297 823 348 turba
851 298 1054 351 evolves
1084 314 1135 351 et
1165 300 1235 351 illi
1257 314 1458 368 gratum
1479 301 1545 353 fe

475 384 573 416 Ger!
578 385 618 425 S·

111 435 164 489 ld
184 434 340 487 modo
364 434 467 494 dic,
500 434 650 484 abisse
671 437 884 484 Dorum.
948 438 1044 485 ΡΥ.
1078 440 1148 486 Ita
1173 438 1374 488 faciam.
1435 441 1543 515 DO-

471 503 568 553 Sed
587 503 784 554 videon'
804 502 1097 552 Chremem?

114 535 313 623 Thais
298 588 401 622 iam
418 570 593 620 aderit.
659 574 754 620 PY.-

790 571 923 637 Quid
955 573 1062 621 ita?

1129 576 1236 623 ΒΟ.
1271 574 1403 641 Quia
1428 592 1546 624 cum

469 639 590 689 inde
613 639 766 699 abeo,
802 642 901 688 iam
931 654 1038 689 tum
1073 642 1332 708 inceperat

105 707 325 761 Tfflrba
310 721 445 758 mter
465 726 567 758 eos.

633 712 725 757 PY.
758 708 912 757 Aufer
930 727 1112 758 aurum
1133 710 1256 760 h'oc:
1295 729 1387 778 ego
1410 708 1545 761 scibo

471 795 533 827 ex
559 775 660 827 hoc
689 777 817 846 quid
847 774 947 826 fiet.

129 951 170 995 A
184 965 255 996 ev
270 967 299 995 u
316 966 337 997 s
373 947 453 994 IV.
521 944 553 994 S
569 963 594 992 c
612 965 636 994 ε
649 965 682 993 N
699 966 723 993 A
752 947 805 992 V.
886 944 1197 995 CHREMES.
1234 944 1526 996 PYTHIAS.

111 1067 251 1115 Atat!
297 1063 416 1114 data
457 1062 626 1113 hercle
666 1062 822 1112 verba
860 1061 984 1111 mihi
1019 1063 1157 1112 sunt:
1194 1064 1327 1113 vicit
1370 1065 1546 1115 vinum

470 1131 611 1200 quod
646 1130 765 1180 bibi.

105 1206 179 1252 Ac
205 1195 326 1251 dum
358 1198 698 1257 accubabam,
745 1216 900 1266 quarn
932 1196 1142 1249 videbar
1167 1196 1288 1248 mihi
1311 1200 1404 1249 esse
1436 1199 1545 1267 pul-

467 1267 587 1318 chre
616 1267 825 1317 sobrius.

107 1339 377 1408 Postquam
416 1337 629 1395 surrexi,
686 1354 854 1403 neque
895 1353 985 1402 pes
1027 1320 1199 1404 neque
1242 1356 1384 1388 mens
1428 1339 1544 1389 satis

470 1406 611 1455 suum
636 1403 860 1454 officium
891 1404 1023 1453 facit.

108 1477 204 1549 PY.
237 1473 487 1524 Chremes.
552 1477 651 1522 CH.
685 1474 803 1540 quis
838 1473 937 1521 est?
981 1472 1217 1539 ehemPy
1222 1473 1380 1523 thias:
1422 1474 1543 1526 vah!

470 1555 668 1609 quanto
699 1559 837 1590 nunc
870 1540 1133 1590 formofior

69 1609 289 1663 §Videre
320 1609 441 1660 mihi
477 1629 628 1678 quam
673 1609 890 1658 dudum'
957 1611 1049 1658 PY.
1089 1622 1225 1659 certe
1256 1624 1312 1659 tu
1338 1610 1545 1678 quidem

131 1706 134 1710 ·
471 1678 633 1727 multo
671 1677 892 1726 hilarior

36 1744 40 1745 ⁷
107 1751 207 1798 CH.
239 1747 463 1798 Verbum
494 1745 660 1796 hercle
691 1746 787 1795 boc
818 1764 995 1795 verum
1032 1746 1120 1805 est,

1165 1743 1266 1795 fine
1289 1749 1468 1796 Cerere
1496 1759 1547 1796 et

467 1815 649 1866 Libero
678 1814 827 1881 friget
846 1818 1032 1865 Venus.

99 2031 321 2076 fortuitane
339 2030 423 2076 fine
450 2043 502 2067 an
528 2044 571 2068 eo
587 2033 699 2078 flatu
720 2039 788 2065 etc.

110 2085 175 2123 ubi
198 2099 230 2122 v.
249 2085 373 2122 Davis.

89 2199 91 2202 Α
156 2145 214 2189 66.
249 2157 285 2182 te
311 2146 422 2182 turba
450 2145 628 2190 evolves]
688 2142 727 2178 h.
758 2157 790 2178 e.

92 2210 148 2238 ‘te
168 2201 363 2249 expedies,
386 2212 420 2237 te
442 2201 612 2237 liberabis
640 2201 729 2236 rixa.
750 2201 790 2235 in

111 2260 261 2296 Phorm.
285 2260 330 2292 V.
349 2266 384 2302 4.
404 2267 437 2302 5.
457 2273 528 2307 ego
547 2263 689 2307 poffiun
710 2261 792 2295 nul·

111 2320 151 2355 1ο
179 2317 341 2355 remedio
372 2330 428 2352 me
453 2318 630 2354 evolvere
657 2331 707 2353 ex
730 2316 791 2354 121⁰:

113 2377 250 2413 turbis.

161 2442 218 2477 58.
260 2431 474 2478 inceperat]
548 2430 699 2478 ponitur
727 2443 792 2478 pro

114 2491 287 2528 inchoata
325 2499 411 2524 erat.
441 2488 520 2525 Cic.
550 2487 588 2522 in
617 2489 716 2522 Verr.
747 2488 792 2522 V.

117 2563 171 2586 ιο.
193 2563 275 2586 curn
294 2552 414 2595 rofizm
439 2547 608 2586 videret,
642 2558 720 2582 tum
737 2547 794 2582 ἰη-

115 2611 236 2654 cipere
267 2621 338 2644 ver
366 2605 638 2655 arbitrabatzqr.
661 2616 696 2640 v.
715 2604 793 2638 Du-

114 2663 193 2698 ker.
208 2662 253 2696 ad
268 2662 344 2696 Liv.
366 2663 462 2696 vlu.
482 2670 539 2704 38.

162 2728 218 2766 59.
234 2720 361 2767 scibo]
413 2719 562 2765 antique
581 2729 647 2766 pro
668 2714 790 2756 sciam.

116 2786 159 2812 ut
177 2776 258 2812 aliie
280 2776 382 2811 iocis.

979 2028 1086 2063 Ac-r.
1111 2028 1175 2064 IV.
1222 2026 1363 2063 Scan.
1388 2028 1435 2065 V.

915 2094 948 2128 3.
974 2100 1090 2134 neque
1106 2099 1170 2129 pes
1190 2099 1306 2132 neque
1326 2099 1427 2121 mens
1437 2089 1548 2133 suum

866 2145 1039 2190 officium
1060 2143 1189 2188 facit]
1238 2143 1262 2177 i.
1290 2156 1322 2177 e.
1347 2156 1466 2191 neque
1494 2143 1549 2177 in-

869 2201 999 2236 cedere
1026 2198 1186 2247 poss'um.
1230 2212 1350 2248 neque
1376 2200 1547 2246 cogitare.

867 2271 908 2295 ut
941 2259 1058 2294 decet.
1131 2257 1346 2292 Terentium
1384 2257 1548 2294 imitatus

868 2316 979 2352 ovid.
1010 2318 1083 2351 Art.
1114 2325 1267 2350 amator.
1296 2315 1323 2348 1.
1346 2322 1428 2360 590.
1455 2310 1550 2360 osfi'·

867 2377 965 2412 cium
999 2376 1186 2420 praestent
1213 2386 1385 2420 mensque
1415 2373 1547 2417 pedes-

869 2446 937 2482 que
952 2435 1075 2479 suum.
1107 2442 1138 2466 v.
1155 2428 1359 2476 Schulting.
1389 2428 1436 2464 ad
1460 2429 1548 2465 Seu.

870 2485 1086 2524 controvers.
1111 2488 1139 2521 1.
1160 2498 1194 2533 p.
1221 2498 1296 2522 121.

915 2555 949 2589 5.
981 2544 1147 2588 dudum]
1207 2542 1232 2576 i.
1256 2555 1287 2577 e.
1309 2541 1420 2589 paulo
1450 2551 1547 2577 ante.

868 2603 968 2639 Nam
1000 2601 1105 2649 saepe
1147 2601 1290 2636 dudum
1324 2598 1459 2635 dicitur
1500 2598 1547 2638 de

869 2670 1035 2708 tempore
1055 2672 1130 2693 non
1152 2658 1274 2704 longo.
1294 2670 1324 2690 v.
1338 2654 1546 2692 Broukhus.

871 2718 919 2753 ad
938 2716 1077 2753 Tibull.
1100 2715 1198 2761 Eleg.
1219 2716 1281 2750 111.
1301 2715 1335 2751 6.
1355 2716 1413 2757 63.

916 2776 952 2814 6.
995 2775 1150 2812 ‘verbum
1179 2773 1300 2810 hercle
1324 2771 1392 2808 hoc
1416 2784 1548 2808 verum
