1812 3100
326 207 422 241 2'12
817 147 1242 258 EUNfiCHvUS·
1795 258 1798 260 .

325 321 566 389 (ᾼοτῑιεν
592 324 662 370 111.
701 322 908 371 secam
937 323 1019 381 V.)
1086 319 1387 369 CHAEREA.
1424 300 1734 370 ΑΝΤιΡΗΟ.

326 433 628 496 CHAER.40)
657 436 795 484 Num
817 433 932 500 quis
947 430 1029 481 hic
1042 433 1141 481 est?
1173 435 1336 482 Nemo
1351 433 1428 482 est.
1459 435 1599 482 Num
1618 432 1735 500 quis

681 501 805 550 hinc·
821 517 898 549 me
918 499 1176 566 sequitur?
1219 503 1382 549 Nemo
1403 499 1555 549 homo
1577 501 1656 549 est.
1731 542 1736 548 .
1786 491 1809 549 ³¹?

324 577 494 621 Iamne
516 587 776 636 erumpere
796 572 858 627 4¹)
903 567 1002 632 hoc
1027 567 1145 617 licet
1171 567 1290 616 mihi
1321 568 1596 634 gaudium?
1639 570 1739 618 Pro

682 636 906 702 Iuppiter
926 639 987 695 42)
1785 639 1809 695 ,ῂέ

326 709 375 757 N
382 724 480 757 nnc
500 707 568 755 est
587 705 814 771 profecto
837 706 900 762 45)
926 700 1140 751 interfici
1164 720 1279 752 cum
1305 702 1501 770 perpeti
1527 720 1606 752 me
1636 701 1741 768 pos·
1790 695 1808 761 ᾼ

685 773 803 819 sum.
1794 810 1799 817 ,

327 847 407 897 Ne
435 844 501 902 44)
548 840 648 890 hoc
678 837 919 908 gaudium
957 837 1264 885 contaminet
1299 837 1406 887 vita
1434 837 1742 905 aegritudine

688 905 873 973 aliqua.
1092 967 1095 971 Ι
1279 955 1282 959 ,
1622 947 1625 950 ⁴
1805 916 1809 962 .'

288 990 313 1030 5
329 977 425 1030 Sed
444 977 690 1027 neminem
715 976 756 1034 *)
795 971 878 1021 hic
902 970 1152 1020 curiosum
1172 970 1474 1020 intervenire
1495 989 1633 1021 nunc
1656 973 1743 1020 mi·
1806 1017 1809 1030 ,

333 1114 434 1180 Qui
458 1131 536 1161 me
559 1103 816 1177 sequatur,
850 1106 1042 1174 quique
1067 1105 1165 1152 iam
1187 1106 1229 1163 *)
1259 1105 1526 1171 rogitando
1555 1103 1618 1167 46)
1661 1105 1748 1156 ob-

689 1175 883 1232 tundat,
903 1176 963 1228 47)
1000 1185 1187 1229 enecet,
1208 1176 1269 1230 48)
1792 1193 1794 1195 >

335 1247 472 1316 Quid
501 1247 723 1313 gestiam,
775 1258 866 1292 aut
887 1239 1011 1308 quid
1042 1239 1203 1288 laetus
1238 1239 1344 1299 Hm,
1395 1259 1748 1308 quo-pergam,
1806 1241 1809 1276 ὲ

593 1322 595 1326 ’
691 1310 827 1366 unde
850 1326 1110 1374 emergam,
1137 1312 1199 1367 49)
1234 1308 1322 1357 ubi
1343 1307 1455 1357 fiem

332 1384 572 1433 Vestitum
590 1385 650 1444 ⁵⁰)
681 1380 821 1428 hunc
845 1390 1051 1434 nactus,
1095 1375 1219 1442 quid
1248 1376 1365 1424 mihi
1394 1393 1656 1443 quaeram,
1685 1377 1751 1425 fa·

695 1466 791 1496 nus
814 1444 921 1503 fim,
959 1461 1090 1492 anne
1119 1444 1371 1492 insaniam.
1401 1442 1403 1445 ’

335 1521 490 1569 ΑΝΤ.
523 1515 708 1574 Adibo,
739 1529 901 1581 atque
930 1511 1062 1560 hanc
1091 1513 1302 1577 gratiam
1331 1510 1395 1574 ab
1419 1528 1485 1574 eq
1501 1514 1564 1574 5²)
1595 1529 1751 1579 quam

613 1598 615 1603 ’
696 1583 840 1634 video
870 1578 1018 1637 velle,
1052 1578 1206 1628 inibo.
1220 1581 1289 1639 63)

398 1730 464 1776 4ο)
497 1726 716 1763 Adolescens
747 1725 811 1760 iste
836 1723 951 1759 nimio
990 1722 1123 1770 gaudio
1151 1721 1347 1760 resolutus,
1384 1734 1428 1756 eo
1467 1721 1568 1770 quod
1592 1720 1772 1771 volupta-'

445 1796 519 1821 tem
546 1783 695 1818 haberet
724 1782 902 1830 expletam
931 1779 969 1814 in
997 1779 1139 1826 puella,
1175 1778 1391 1826 loquebatur
1425 1779 1564 1820 [ecum.
1601 1792 1635 1816 et
1661 1794 1756 1827 egre-

448 1841 552 1876 diens
585 1852 605 1874 a
645 1838 775 1874 cellula
809 1836 1052 1883 interrogabat
1082 1835 1162 1882 quis
1190 1834 1241 1869 ibi
1269 1834 1372 1874 effet.
1410 1835 1547 1883 [ibique
1586 1837 1756 1874 dissolute

447 1895 688 1946 respondebat
749 1895 814 1940 4ι)
849 1890 1074 1928 manifestare
1129 1892 1193 1934 42)
1227 1891 1442 1926 exclamatio
1473 1893 1522 1927 est
1575 1896 1639 1940 43)
1664 1895 1761 1942 illud¹

450 1966 593 2001 tempus
627 1953 692 1998 44)
709 1950 733 1986 s.
747 1951 888 1986 utinam
931 1949 967 1995 ⁴¹)
986 1950 1075 1984 edit·
1096 1948 1327 1982 neminemne
1370 1953 1430 1991 45)
1453 1949 1559 1984 video
1607 1951 1642 1996 ⁴¹)
1662 1954 1755 1988 edic.

451 2023 599 2059 quoquo
629 2022 706 2044 eam
733 2009 913 2054 probante
939 2007 1059 2041 Bentl.
1123 2005 1189 2048 46)
1215 2003 1471 2050 interrogando
1527 2011 1586 2051 47)
1612 2006 1758 2043 hebetet

448 2070 509 2111 48)
534 2067 670 2101 cruciet
714 2066 779 2115 49)
804 2066 941 2113 dequa
960 2062 1065 2098 fovea
1083 2073 1208 2096 exeam
1254 2063 1319 2108 50)
1343 2061 1514 2096 eunuchi.
1559 2066 1619 2106 52)
1637 2063 1758 2098 Chae-

449 2135 511 2158 rea
555 2124 620 2169 53)
645 2122 884 2168 interrogabo.
1700 2128 1702 2131 ·

462 2263 568 2297 Ac'r.
592 2262 656 2296 ΙΙΙ.
703 2261 841 2296 Scan.
866 2268 900 2304 5.
1093 2262 1135 2296 in
1165 2272 1221 2294 me
1243 2257 1472 2304 stomachum
1514 2271 1697 2300 erumpat.
1726 2272 1759 2294 v.

398 2331 429 2354 1.
454 2333 557 2355 nemo
585 2318 715 2363 homo]
765 2317 925 2353 abundat
953 2316 1020 2352 ho·
1096 2316 1259 2350 Gronov.
1278 2315 1323 2349 ad
1340 2316 1417 2350 Liv.
1438 2316 1604 2352 XXXVI.
1626 2328 1657 2360 7.

349 2388 412 2412 mo
440 2386 481 2410 ut
509 2376 549 2410 in
575 2374 642 2410 Ad.
667 2377 712 2410 ΙΙ.
742 2383 774 2418 3.
804 2377 838 2411 6.
861 2374 942 2411 Cic.
972 2373 1020 2408 ad
1140 2379 1174 2413 3·
1200 2385 1298 2408 nunc
1313 2374 1364 2418 esc
1378 2373 1571 2418 profecto]
1626 2370 1762 2407 scilicet

348 2433 434 2474 Dic.
453 2432 535 2467 XV.
558 2444 613 2465 ιο.
632 2435 699 2478 effi
717 2431 917 2470 hominem,
957 2434 1021 2477 qui
1094 2438 1251 2477 tempus.
1280 2429 1357 2465 Liv.
1386 2430 1469 2465 VII.
1497 2437 1554 2471 32.
1569 2430 1655 2474 fuit
1682 2442 1763 2463 cum

351 2492 521 2536 ignoret,
549 2489 716 2530 arbitror
738 2491 927 2525 neminem.
1095 2487 1164 2522 hoe
1183 2488 1262 2523 dici
1279 2497 1438 2532 poterat.
1458 2487 1599 2520 Petron.
1632 2498 1662 2520 c.
1687 2497 1760 2530 ¹27·

397 2557 429 2581 2.
467 2559 654 2590 erumpere
676 2545 879 2591 gaudium]
935 2544 960 2578 i.
986 2556 1017 2578 e.
1094 2557 1191 2580 nunc
1226 2556 1309 2580 erac
1345 2556 1370 2578 a
1408 2554 1519 2578 torua
1546 2542 1763 2585 submittere

350 2602 545 2648 gaudium,
582 2601 683 2649 quod
712 2603 791 2650 quis
822 2601 885 2635 diu
904 2600 1019 2635 conti-
1094 2614 1235 2637 cornua
1246 2602 1389 2644 fronte.
1409 2597 1590 2632 v.Sanctii
1610 2598 1762 2634 Minerv.

347 2660 449 2698 nuit,
478 2672 560 2694 cum
580 2659 719 2707 impetu
735 2657 888 2696 efferre„
904 2670 1019 2692 erum·
1093 2658 1157 2691 IV.
1181 2665 1214 2701 4.
1238 2658 1273 2703 ρζ
1293 2658 1373 2699 645.
1673 2652 1677 2659 ’

348 2727 445 2760 pere.
493 2715 687 2762 Erumpere
711 2714 816 2762 saepe
834 2714 947 2750 active
965 2713 1019 2747 di·
1139 2721 1174 2755 5.
1197 2713 1400 2759 curiosum]
1448 2705 1511 2745 bie
1541 2710 1579 2744 in
1611 2709 1765 2744 deterio-

350 2770 453 2805 citur.
476 2772 563 2808 Cic,
593 2771 640 2806 ad
662 2772 768 2808 Attic.
799 2772 897 2808 XVI.
917 2778 951 2813 3.
971 2783 1018 2806 ne
1093 2782 1168 2804 rem
1185 2767 1496 2818 partemqsumitur
1513 2779 1577 2814 pro
1599 2778 1662 2806 eoJ
1700 2763 1763 2811 qui
