1812 3100
292 180 308 212 ι
323 183 384 228 92
780 151 818 207 E
831 159 876 206 U
888 161 933 209 N
946 157 994 207 U
1006 161 1041 205 C
1052 161 1208 209 HUS.

286 301 422 347 Tum
448 296 605 362 magis
633 293 685 344 id
723 293 876 344 dicas.
945 296 1047 342 CH.
1090 289 1359 359 Quodnam
1391 289 1577 359 quaeso
1603 287 1710 338 hei·-

489 360 503 370 ”
646 361 757 411 cle?
840 363 972 409 PAR.
1008 359 1320 410 Eunuchum.
1402 361 1503 406 CH.
1549 356 1711 408 Illum·
1731 417 1734 421 Δ

647 447 709 478 ne
732 429 934 479 obsecro
1211 470 1213 472 .
1642 452 1644 457 f

216 510 270 550 65
284 498 599 547 Inhonestum
624 502 663 557 8)
711 498 976 555 hominem,
1000 514 1150 563 quem
1175 507 1426 544 mercatus
1452 493 1522 541 est
1541 490 1649 541 her-i
1669 493 1710 552 *)

649 565 804 613 senem
842 563 1133 612 mulierem?
1155 565 1197 621 9)

292 634 429 682 PAR.
461 633 624 681 Istunc
644 633 812 698 ipsum.
879 634 976 679 CH.
1008 635 1175 679 Homo
1199 630 1457 696 quatietur
1481 632 1537 690 ¹⁰)
1574 639 1710 677 certe

649 717 763 748 cum
793 698 928 747 dono
949 698 1105 747 foras.
1374 693 1381 697 ”

288 767 386 818 Sed
408 768 547 815 istam
572 766 819 814 Thaidem
844 783 949 814 non
967 766 1084 815 scivi
1104 764 1253 813 nobis
1278 764 1507 813 vicinam.
1571 761 1710 810 PAR.

649 833 800 881 Haud
835 833 920 881 diu
942 834 1021 881 est.

288 907 388 952 CH.
426 902 566 950 Perii.
590 904 953 968 Numquamne
977 900 1127 948 etiam
1148 915 1237 946 mer
1260 895 1398 945 illam
1421 893 1621 946 vidisse?
1653 899 1710 955 ¹¹)

648 968 875 1017 Ehodum
908 967 987 1016 dic
1014 967 1136 1015 mihi
1599 994 1602 996 -

289 1038 433 1086 Estne
462 1041 522 1098 ¹2)
560 1051 620 1085 ut
637 1036 795 1084 fertur
818 1036 1011 1084 forma?
1038 1040 1093 1095 ¹3)
1161 1033 1293 1080 PAR.
1322 1032 1464 1080 Sane.
1489 1031 1546 1083 ¹4)
1610 1030 1712 1075 CH.

647 1111 712 1151 At
733 1103 857 1151 nihil
881 1103 944 1151 ad
964 1103 1178 1152 nostram
1192 1099 1335 1148 hanc.
1350 1103 1408 1160 ι5)
1445 1097 1581 1144 PAR.
1596 1095 1714 1144 Alia

649 1189 729 1220 res
754 1172 832 1220 est.
854 1174 893 1232 *)
920 1169 979 1230 ¹⁶)

219 1266 274 1306 70
291 1245 389 1291 CH.
458 1239 675 1289 Obsecro
725 1238 891 1288 hercle
923 1243 1189 1293 Parmeno,
1234 1231 1313 1282 fac
1347 1244 1408 1281 ut
1451 1231 1628 1296 potiar.
1652 1232 1713 1290 ¹7)

652 1308 786 1355 PAR.
822 1307 1020 1356 Faciam
1044 1303 1233 1359 sedulo,
1268 1319 1328 1350 ac

294 1376 446 1427 Dabo
465 1393 682 1442 operam,
703 1377 764 1434 ¹8)
785 1374 1049 1424 adiuvabo.
1084 1367 1420 1437 Numquid¹9)
1442 1384 1519 1414 me
1540 1364 1711 1414 aliud?

648 1446 747 1491 CH.
785 1446 900 1508 Quo
923 1441 1162 1490 nuncis‘?
1205 1439 1338 1486 PAR.
1373 1437 1608 1483 Domum.

351 1549 394 1594 8)
421 1559 561 1595 turpem
610 1546 645 1592 ⁴¹)
670 1547 759 1581 edic.
779 1544 865 1579 here
884 1544 1116 1590 improbante
1136 1542 1255 1577 Bencl.
1301 1542 1339 1585 9)
1356 1537 1430 1573 hoc
1447 1535 1498 1572 est
1515 1534 1713 1571 effinatam.

398 1605 509 1652 (lege
538 1602 814 1647 effeminatam)
884 1601 943 1646 ιο)
970 1600 1182 1635 excutietur.
1209 1595 1419 1644 expelletur.

399 1663 460 1706 12)
489 1660 605 1695 Thais
667 1658 850 1706 13)⁵'bona
910 1658 971 1702 14)
997 1656 1046 1691 est
1104 1656 1164 1700 15)
1191 1651 1360 1688 convenit
1411 1651 1448 1697 ⁴¹)
1471 1652 1564 1688 edit.
1592 1653 1713 1687 omitt.

396 1715 446 1752 est
496 1720 551 1760 16)
568 1717 753 1765 pulchrior
773 1715 821 1751 est
841 1715 956 1750 Thais
1008 1715 1068 1758 17)
1092 1712 1187 1747 fruar
1207 1710 1269 1744 illa
1288 1707 1420 1755 puella.
1471 1708 1532 1752 18)
1553 1705 1712 1742 studium

333 1808 335 1810 .
401 1774 462 1819 19)
482 1774 533 1808 vis
552 1787 588 1809 ec
607 1789 655 1810 ex
676 1776 794 1810 litura
812 1776 892 1820 posc
911 1770 1091 1819 numquid
1112 1767 1388 1813 verisimilefie,
1413 1778 1438 1800 a
1462 1766 1586 1810 prima
1600 1776 1713 1799 mana

397 1833 438 1867 in
456 1842 635 1868 contextu
659 1830 832 1877 adfuisse.

287 1954 385 1992 hunc
403 1958 444 1991 in
463 1968 616 1991 arenam
636 1957 834 1992 deductum
850 1954 962 1990 Thra-

281 2015 320 2048 ci
355 2015 605 2056 comparavit.
657 2017 799 2050 Contra
837 2011 886 2047 est
913 2011 961 2045 vi—

282 2067 395 2103 cisfim
428 2079 467 2102 ut
495 2079 619 2103 contra
639 2068 846 2106 vociferari,
875 2080 960 2101 con—

279 2134 335 2160 tu
345 2123 489 2161 intueri.
509 2137 539 2161 v.
550 2125 666 2160 Drak.
680 2126 727 2160 ad
739 2125 889 2163 Liv,1V.
900 2132 957 2166 53.

324 2181 382 2223 65.
408 2181 659 2228 inhonestum]
717 2182 741 2215 i.
773 2195 804 2216 e.
838 2180 954 2215 defor-

279 2250 397 2275 mem,
433 2248 573 2284 turpem
611 2250 652 2275 ut
683 2239 852 2286 honestus
887 2251 951 2285 pro

277 2295 444 2343 pulchro.
462 2296 500 2330 in
519 2295 632 2340 Andr.
656 2297 684 2330 Ι.
708 2308 736 2330 1.
757 2296 815 2341 96.

316 2356 454 2400 finem.
474 2353 679 2398 mulierem]
719 2353 770 2387 ita
788 2351 878 2387 dicit
894 2365 953 2386 eu-

276 2408 465 2448 nuchum,
506 2409 606 2456 quod
630 2409 789 2444 eunuchi
835 2408 949 2443 multa

276 2466 487 2502 communia
506 2465 644 2502 habent
665 2465 807 2501 senibus
821 2476 856 2501 et
874 2478 952 2499 mu-

275 2522 438 2560 lieribus.
473 2524 656 2558 Bentleius
689 2523 876 2567 coniungit
903 2521 954 2556 se-

275 2594 361 2617 nem
371 2580 570 2621 mulierem,
584 2592 624 2616 ut
635 2580 763 2615 mulier
773 2579 951 2613 meretrix.

319 2638 378 2672 66⁴.
400 2638 607 2685 quatietur]
657 2638 681 2671 i.
704 2650 733 2671 e.
755 2649 835 2670 cum
857 2635 890 2669 vi
915 2645 950 2670 et

273 2693 408 2729 iniuria
430 2694 650 2729 extrudetur.
678 2695 803 2729 Horat.
825 2693 946 2727 Carm.

271 2752 336 2790 111.
377 2763 413 2797 9.
451 2763 503 2796 ¹9-
539 2752 580 2797 si
608 2751 725 2797 flava
757 2752 947 2787 excutitur

1042 1952 1169 1988 Chloe.
1199 1962 1230 1984 v.
1261 1946 1381 1983 Bentl.
1403 1944 1449 1980 ud
1470 1944 1558 1979 Hor.
1583 1943 1707 1978 Carm.

1035 2012 1100 2047 111.
1134 2018 1184 2052 15.
1205 2020 1239 2054 9.

1081 2069 1139 2113 69.
1164 2065 1261 2102 nihil
1298 2063 1350 2097 ad
1380 2062 1543 2106 nostram
1585 2055 1704 2100 hanc]

1034 2126 1072 2160 h.
1104 2137 1135 2158 e.
1166 2134 1242 2156 non
1279 2119 1329 2154 est
1361 2115 1533 2163 pulchra,
1568 2111 1595 2148 fi
1622 2125 1706 2146 cum

1029 2180 1149 2217 nostra
1181 2185 1416 2224 comparetur.
1482 2168 1702 2217 Praepofitio

1029 2240 1081 2274 ad
1116 2237 1297 2281 eleganter
1340 2228 1484 2265 inservit
1519 2237 1703 2277 compara-

1029 2295 1135 2330 tioni.
1155 2293 1271 2328 Plaut.
1300 2290 1338 2324 in
1354 2287 1499 2332 captiv.
1520 2286 1565 2320 11.
1587 2296 1621 2319 2.
1641 2288 1699 2326 24.

1029 2353 1082 2387 ad
1093 2351 1320 2397 sapientiam
1345 2346 1454 2382 huius
1477 2343 1615 2382 nimius
1633 2341 1702 2376 ille

1025 2420 1192 2455 nugator·
1200 2407 1298 2448 fuit.
1327 2402 1386 2437 ubi
1397 2414 1427 2436 v.
1439 2399 1605 2437 Lambin.
1621 2398 1707 2449 Liv.

1026 2465 1141 2500 XXII.
1157 2476 1212 2500 22.
1235 2462 1377 2497 homini
1396 2473 1466 2495 non
1484 2457 1538 2492 ad
1554 2466 1700 2491 caetera

1025 2524 1166 2558 Punica
1206 2521 1362 2567 ingenia
1407 2514 1564 2554 callido.
1605 2510 1699 2545 infra

1027 2572 1091 2612 IV.
1121 2583 1155 2621 4.
1190 2583 1244 2620 14.
1275 2586 1311 2610 et
1335 2575 1496 2609 Gronov.
1525 2566 1696 2604 observat.

1026 2635 1090 2669 IV.
1116 2634 1150 2669 6.

1071 2692 1153 2726 alia
1171 2688 1254 2733 res]
1283 2686 1416 2722 dicitur
1434 2685 1480 2720 de
1498 2682 1583 2722 illis.
1602 2692 1697 2731 quae
1748 2727 1760 2737 χ

1025 2747 1119 2783 inter
1147 2745 1182 2781 se
1220 2742 1421 2792 comparavi
1447 2753 1523 2776 non
1548 2736 1696 2787 poffunt

1495 1607 1508 1628 ι
1518 1597 1549 1635 ι)
1575 1592 1727 1642 putass‘e(

1809 314 1812 446 l

1795 466 1798 470 ·
1810 447 1812 495 Ξ
