<?xml version="1.0" encoding="UTF-8"?>
<!DOCTYPE html PUBLIC "-//W3C//DTD XHTML 1.0 Transitional//EN"
    "http://www.w3.org/TR/xhtml1/DTD/xhtml1-transitional.dtd">
<html xmlns="http://www.w3.org/1999/xhtml" xml:lang="en" lang="en">
 <head>
  <title>
</title>
<meta http-equiv="Content-Type" content="text/html;charset=utf-8" />
  <meta name='ocr-system' content='tesseract 3.04.00' />
  <meta name='ocr-capabilities' content='ocr_page ocr_carea ocr_par ocr_line ocrx_word'/>
</head>
<body>
  <div class='ocr_page' id='page_1' title='image "./comoediaesex01tereuoft_0030.png"; bbox 0 0 1760 3086; ppageno 0'>
   <div class='ocr_carea' id='block_1_1' title="bbox 211 152 1671 1511">
    <p class='ocr_par' dir='ltr' id='par_1_1' title="bbox 253 152 373 198">
     <span class='ocr_line' id='line_1_1' title="bbox 253 152 373 198; baseline -0.017 0"><span class='ocrx_word' id='word_1_1' title='bbox 253 152 373 198; x_wconf 62' lang='grc' dir='ltr'><strong>δίκην·</strong></span> 
     </span>
    </p>

    <p class='ocr_par' dir='ltr' id='par_1_2' title="bbox 211 274 1669 1315">
     <span class='ocr_line' id='line_1_2' title="bbox 255 274 1657 344; baseline -0.005 -18"><span class='ocrx_word' id='word_1_2' title='bbox 255 295 370 344; x_wconf 86' lang='lat' dir='ltr'><strong>pag.</strong></span> <span class='ocrx_word' id='word_1_3' title='bbox 405 293 485 343; x_wconf 82' lang='lat'><strong>72.</strong></span> <span class='ocrx_word' id='word_1_4' title='bbox 516 294 561 326; x_wconf 84' lang='lat' dir='ltr'><strong>v.</strong></span> <span class='ocrx_word' id='word_1_5' title='bbox 585 282 665 333; x_wconf 74' lang='lat'><strong>24.</strong></span> <span class='ocrx_word' id='word_1_6' title='bbox 698 285 887 342; x_wconf 67' lang='lat' dir='ltr'><strong>queret</strong></span> <span class='ocrx_word' id='word_1_7' title='bbox 905 290 1000 342; x_wconf 91' lang='lat' dir='ltr'><strong>pro</strong></span> <span class='ocrx_word' id='word_1_8' title='bbox 1034 286 1283 342; x_wconf 78' lang='lat' dir='ltr'><strong>quaeret,</strong></span> <span class='ocrx_word' id='word_1_9' title='bbox 1332 291 1384 340; x_wconf 88' lang='lat' dir='ltr'><strong>p.</strong></span> <span class='ocrx_word' id='word_1_10' title='bbox 1408 279 1490 328; x_wconf 82' lang='lat'><strong>88.</strong></span> <span class='ocrx_word' id='word_1_11' title='bbox 1508 288 1554 321; x_wconf 80' lang='lat' dir='ltr'><strong>v.</strong></span> <span class='ocrx_word' id='word_1_12' title='bbox 1575 274 1657 329; x_wconf 81' lang='grc' dir='ltr'><strong>4ο.</strong></span> 
     </span>
     <span class='ocr_line' id='line_1_3' title="bbox 256 365 1659 432; baseline -0.004 -17"><span class='ocrx_word' id='word_1_13' title='bbox 256 367 478 432; x_wconf 58' lang='grc' dir='ltr'><strong>ηιψςναε</strong></span> <span class='ocrx_word' id='word_1_14' title='bbox 506 382 599 432; x_wconf 90' lang='lat' dir='ltr'><strong>pro</strong></span> <span class='ocrx_word' id='word_1_15' title='bbox 630 365 842 418; x_wconf 78' lang='lat' dir='ltr'><em>misere,</em></span> <span class='ocrx_word' id='word_1_16' title='bbox 885 383 936 431; x_wconf 92' lang='lat' dir='ltr'><strong>p.</strong></span> <span class='ocrx_word' id='word_1_17' title='bbox 974 373 1081 422; x_wconf 87' lang='lat'>105·</span> <span class='ocrx_word' id='word_1_18' title='bbox 1112 383 1156 414; x_wconf 88' lang='lat' dir='ltr'><strong>v.</strong></span> <span class='ocrx_word' id='word_1_19' title='bbox 1188 384 1235 431; x_wconf 93' lang='lat'><strong>7.</strong></span> <span class='ocrx_word' id='word_1_20' title='bbox 1265 367 1324 412; x_wconf 85' lang='lat' dir='ltr'><strong>in</strong></span> <span class='ocrx_word' id='word_1_21' title='bbox 1356 366 1539 412; x_wconf 87' lang='lat' dir='ltr'><strong>animo</strong></span> <span class='ocrx_word' id='word_1_22' title='bbox 1564 378 1659 429; x_wconf 89' lang='lat' dir='ltr'><strong>pro</strong></span> 
     </span>
     <span class='ocr_line' id='line_1_4' title="bbox 257 435 1663 522; baseline -0.004 -17"><span class='ocrx_word' id='word_1_23' title='bbox 257 460 476 507; x_wconf 79' lang='lat' dir='ltr'><strong>animo,</strong></span> <span class='ocrx_word' id='word_1_24' title='bbox 519 472 569 521; x_wconf 87' lang='lat' dir='ltr'><strong>p.</strong></span> <span class='ocrx_word' id='word_1_25' title='bbox 591 464 704 513; x_wconf 78' lang='lat'><strong>234.</strong></span> <span class='ocrx_word' id='word_1_26' title='bbox 724 473 770 504; x_wconf 83' lang='lat' dir='ltr'><strong>v.</strong></span> <span class='ocrx_word' id='word_1_27' title='bbox 793 472 839 503; x_wconf 85' lang='lat'><strong>2.</strong></span> <span class='ocrx_word' id='word_1_28' title='bbox 859 473 910 503; x_wconf 81' lang='lat' dir='ltr'><strong>es</strong></span> <span class='ocrx_word' id='word_1_29' title='bbox 933 472 1028 522; x_wconf 91' lang='lat' dir='ltr'><strong>pro</strong></span> <span class='ocrx_word' id='word_1_30' title='bbox 1053 453 1124 519; x_wconf 63' lang='lat' dir='ltr'><strong>‘1’st</strong></span> <span class='ocrx_word' id='word_1_31' title='bbox 1143 472 1246 504; x_wconf 80' lang='lat' dir='ltr'><strong>una</strong></span> <span class='ocrx_word' id='word_1_32' title='bbox 1273 472 1390 505; x_wconf 90' lang='lat' dir='ltr'><strong>cum</strong></span> <span class='ocrx_word' id='word_1_33' title='bbox 1416 453 1522 502; x_wconf 84' lang='lat' dir='ltr'><strong>aliis</strong></span> <span class='ocrx_word' id='word_1_34' title='bbox 1541 435 1663 519; x_wconf 80' lang='lat' dir='ltr'><strong>pau·</strong></span> 
     </span>
     <span class='ocr_line' id='line_1_5' title="bbox 260 543 1663 611; baseline -0.002 -17"><span class='ocrx_word' id='word_1_35' title='bbox 260 548 331 595; x_wconf 86' lang='lat' dir='ltr'><strong>cis</strong></span> <span class='ocrx_word' id='word_1_36' title='bbox 350 563 380 593; x_wconf 86' lang='lat' dir='ltr'><strong>a</strong></span> <span class='ocrx_word' id='word_1_37' title='bbox 399 562 483 593; x_wconf 88' lang='lat' dir='ltr'><strong>me</strong></span> <span class='ocrx_word' id='word_1_38' title='bbox 503 562 680 594; x_wconf 87' lang='lat' dir='ltr'><strong>revera</strong></span> <span class='ocrx_word' id='word_1_39' title='bbox 709 543 906 593; x_wconf 83' lang='lat' dir='ltr'><strong>sublatis</strong></span> <span class='ocrx_word' id='word_1_40' title='bbox 928 547 1282 611; x_wconf 66' lang='lat' dir='ltr'><strong>expunxerim.</strong></span> <span class='ocrx_word' id='word_1_41' title='bbox 1333 543 1438 595; x_wconf 86' lang='lat' dir='ltr'><strong>Sed</strong></span> <span class='ocrx_word' id='word_1_42' title='bbox 1457 559 1663 593; x_wconf 85' lang='lat' dir='ltr'><strong>accura-</strong></span> 
     </span>
     <span class='ocr_line' id='line_1_6' title="bbox 256 633 1662 700; baseline 0.001 -17"><span class='ocrx_word' id='word_1_43' title='bbox 256 646 310 684; x_wconf 86' lang='lat' dir='ltr'><strong>te</strong></span> <span class='ocrx_word' id='word_1_44' title='bbox 350 634 582 683; x_wconf 88' lang='lat' dir='ltr'>codicem</span> <span class='ocrx_word' id='word_1_45' title='bbox 614 634 988 700; x_wconf 85' lang='lat' dir='ltr'><strong>repraesentare</strong></span> <span class='ocrx_word' id='word_1_46' title='bbox 1022 635 1158 683; x_wconf 86' lang='lat' dir='ltr'><strong>volui</strong></span> <span class='ocrx_word' id='word_1_47' title='bbox 1194 637 1250 683; x_wconf 89' lang='lat' dir='ltr'><strong>in</strong></span> <span class='ocrx_word' id='word_1_48' title='bbox 1284 633 1384 684; x_wconf 86' lang='lat' dir='ltr'><strong>hac</strong></span> <span class='ocrx_word' id='word_1_49' title='bbox 1422 633 1662 694; x_wconf 81' lang='lat' dir='ltr'><strong>editione,</strong></span> 
     </span>
     <span class='ocr_line' id='line_1_7' title="bbox 255 721 1664 790; baseline 0.001 -19"><span class='ocrx_word' id='word_1_50' title='bbox 255 723 396 772; x_wconf 88' lang='lat' dir='ltr'><strong>unde</strong></span> <span class='ocrx_word' id='word_1_51' title='bbox 426 725 575 773; x_wconf 89' lang='lat' dir='ltr'><strong>etiam</strong></span> <span class='ocrx_word' id='word_1_52' title='bbox 608 723 799 773; x_wconf 87' lang='lat' dir='ltr'><strong>factum</strong></span> <span class='ocrx_word' id='word_1_53' title='bbox 832 723 925 785; x_wconf 88' lang='lat' dir='ltr'><strong>est,</strong></span> <span class='ocrx_word' id='word_1_54' title='bbox 957 735 1013 772; x_wconf 89' lang='lat' dir='ltr'><strong>ut</strong></span> <span class='ocrx_word' id='word_1_55' title='bbox 1031 723 1344 790; x_wconf 82' lang='lat' dir='ltr'>quandoque</span> <span class='ocrx_word' id='word_1_56' title='bbox 1362 721 1532 772; x_wconf 71' lang='lat' dir='ltr'><strong>falsam</strong></span> <span class='ocrx_word' id='word_1_57' title='bbox 1554 726 1664 784; x_wconf 71' lang='lat' dir='ltr'><strong>ejus</strong></span> 
     </span>
     <span class='ocr_line' id='line_1_8' title="bbox 253 807 1666 879; baseline 0 -18"><span class='ocrx_word' id='word_1_58' title='bbox 253 813 662 879; x_wconf 79' lang='lat' dir='ltr'>orthographiam</span> <span class='ocrx_word' id='word_1_59' title='bbox 678 816 1012 878; x_wconf 82' lang='lat' dir='ltr'><strong>exprimerem</strong></span> <span class='ocrx_word' id='word_1_60' title='bbox 1036 830 1080 862; x_wconf 85' lang='lat' dir='ltr'><strong>e.</strong></span> <span class='ocrx_word' id='word_1_61' title='bbox 1100 831 1146 879; x_wconf 85' lang='lat' dir='ltr'><strong>g.</strong></span> <span class='ocrx_word' id='word_1_62' title='bbox 1166 815 1354 862; x_wconf 84' lang='lat' dir='ltr'><strong>Pireus</strong></span> <span class='ocrx_word' id='word_1_63' title='bbox 1373 807 1468 878; x_wconf 75' lang='lat' dir='ltr'><strong>pro</strong></span> <span class='ocrx_word' id='word_1_64' title='bbox 1480 814 1666 861; x_wconf 80' lang='lat' dir='ltr'><strong>Pirae·</strong></span> 
     </span>
     <span class='ocr_line' id='line_1_9' title="bbox 254 902 1669 969; baseline 0.001 -18"><span class='ocrx_word' id='word_1_65' title='bbox 254 921 343 955; x_wconf 82' lang='lat' dir='ltr'><strong>us,</strong></span> <span class='ocrx_word' id='word_1_66' title='bbox 383 903 632 967; x_wconf 68' lang='lat' dir='ltr'><strong>Dionffia</strong></span> <span class='ocrx_word' id='word_1_67' title='bbox 665 920 760 969; x_wconf 92' lang='lat' dir='ltr'><strong>pro</strong></span> <span class='ocrx_word' id='word_1_68' title='bbox 778 902 1074 969; x_wconf 82' lang='lat' dir='ltr'><strong>Dionysia,</strong></span> <span class='ocrx_word' id='word_1_69' title='bbox 1124 920 1260 951; x_wconf 82' lang='lat' dir='ltr'><strong>cena</strong></span> <span class='ocrx_word' id='word_1_70' title='bbox 1292 914 1342 952; x_wconf 90' lang='lat' dir='ltr'><strong>et</strong></span> <span class='ocrx_word' id='word_1_71' title='bbox 1373 919 1546 950; x_wconf 82' lang='lat' dir='ltr'><strong>caena</strong></span> <span class='ocrx_word' id='word_1_72' title='bbox 1567 919 1669 969; x_wconf 51' lang='lat' dir='ltr'><strong>pro¹</strong></span> 
     </span>
     <span class='ocr_line' id='line_1_10' title="bbox 255 991 1665 1061; baseline -0.001 -19"><span class='ocrx_word' id='word_1_73' title='bbox 255 1011 461 1046; x_wconf 81' lang='lat' dir='ltr'><strong>coena,</strong></span> <span class='ocrx_word' id='word_1_74' title='bbox 501 997 659 1060; x_wconf 8' lang='lat' dir='ltr'><strong>coepi,</strong></span> <span class='ocrx_word' id='word_1_75' title='bbox 670 1010 763 1060; x_wconf 89' lang='lat' dir='ltr'><strong>pro</strong></span> <span class='ocrx_word' id='word_1_76' title='bbox 787 997 935 1061; x_wconf 82' lang='lat' dir='ltr'><strong>cepi,</strong></span> <span class='ocrx_word' id='word_1_77' title='bbox 969 993 1252 1050; x_wconf 73' lang='lat' dir='ltr'><strong>habundet</strong></span> <span class='ocrx_word' id='word_1_78' title='bbox 1274 1008 1369 1058; x_wconf 88' lang='lat' dir='ltr'><strong>pro</strong></span> <span class='ocrx_word' id='word_1_79' title='bbox 1394 991 1665 1046; x_wconf 78' lang='lat' dir='ltr'><strong>abundet,</strong></span> 
     </span>
     <span class='ocr_line' id='line_1_11' title="bbox 211 1077 1664 1151; baseline 0.001 -20"><span class='ocrx_word' id='word_1_80' title='bbox 211 1077 217 1080; x_wconf 53' lang='grc'><strong>’</strong></span> <span class='ocrx_word' id='word_1_81' title='bbox 252 1083 479 1148; x_wconf 76' lang='lat' dir='ltr'><strong>hostium</strong></span> <span class='ocrx_word' id='word_1_82' title='bbox 521 1101 615 1151; x_wconf 90' lang='lat' dir='ltr'><strong>pro</strong></span> <span class='ocrx_word' id='word_1_83' title='bbox 661 1083 881 1148; x_wconf 81' lang='lat' dir='ltr'><strong>ostium,</strong></span> <span class='ocrx_word' id='word_1_84' title='bbox 934 1101 1106 1151; x_wconf 90' lang='lat' dir='ltr'><strong>neque</strong></span> <span class='ocrx_word' id='word_1_85' title='bbox 1136 1085 1254 1132; x_wconf 86' lang='lat' dir='ltr'><strong>vitia</strong></span> <span class='ocrx_word' id='word_1_86' title='bbox 1290 1095 1466 1131; x_wconf 88' lang='lat' dir='ltr'><strong>contra</strong></span> <span class='ocrx_word' id='word_1_87' title='bbox 1503 1099 1664 1149; x_wconf 83' lang='lat' dir='ltr'><strong>gram-</strong></span> 
     </span>
     <span class='ocr_line' id='line_1_12' title="bbox 252 1172 1662 1241; baseline 0.003 -19"><span class='ocrx_word' id='word_1_88' title='bbox 252 1176 490 1222; x_wconf 87' lang='lat' dir='ltr'><strong>maticam</strong></span> <span class='ocrx_word' id='word_1_89' title='bbox 537 1178 844 1224; x_wconf 86' lang='lat' dir='ltr'><strong>correxerim</strong></span> <span class='ocrx_word' id='word_1_90' title='bbox 881 1191 924 1223; x_wconf 87' lang='lat' dir='ltr'><strong>e.</strong></span> <span class='ocrx_word' id='word_1_91' title='bbox 965 1193 1009 1241; x_wconf 83' lang='lat' dir='ltr'><strong>g.</strong></span> <span class='ocrx_word' id='word_1_92' title='bbox 1040 1191 1153 1240; x_wconf 82' lang='lat' dir='ltr'><strong>pag.</strong></span> <span class='ocrx_word' id='word_1_93' title='bbox 1181 1193 1227 1239; x_wconf 93' lang='lat'><strong>7.</strong></span> <span class='ocrx_word' id='word_1_94' title='bbox 1265 1172 1299 1224; x_wconf 88' lang='grc'><strong>1.</strong></span> <span class='ocrx_word' id='word_1_95' title='bbox 1338 1173 1413 1222; x_wconf 81' lang='lat'><strong>16.</strong></span> <span class='ocrx_word' id='word_1_96' title='bbox 1448 1174 1662 1226; x_wconf 73' lang='lat' dir='ltr'><strong>aldeam</strong></span> 
     </span>
     <span class='ocr_line' id='line_1_13' title="bbox 251 1251 999 1315; baseline -0.003 -1"><span class='ocrx_word' id='word_1_97' title='bbox 251 1282 358 1314; x_wconf 88' lang='lat' dir='ltr'><strong>non</strong></span> <span class='ocrx_word' id='word_1_98' title='bbox 387 1267 681 1315; x_wconf 84' lang='lat' dir='ltr'><strong>mutaverim</strong></span> <span class='ocrx_word' id='word_1_99' title='bbox 704 1251 771 1313; x_wconf 65' lang='lat' dir='ltr'><strong>in⁶</strong></span> <span class='ocrx_word' id='word_1_100' title='bbox 788 1265 999 1313; x_wconf 74' lang='lat' dir='ltr'><strong>aulaea.</strong></span> 
     </span>
    </p>

    <p class='ocr_par' dir='ltr' id='par_1_3' title="bbox 251 1352 1671 1511">
     <span class='ocr_line' id='line_1_14' title="bbox 384 1352 1671 1421; baseline -0.001 -19"><span class='ocrx_word' id='word_1_101' title='bbox 384 1354 516 1404; x_wconf 85' lang='lat' dir='ltr'>Istud</span> <span class='ocrx_word' id='word_1_102' title='bbox 544 1373 664 1404; x_wconf 90' lang='lat' dir='ltr'><strong>vero</strong></span> <span class='ocrx_word' id='word_1_103' title='bbox 697 1357 947 1421; x_wconf 78' lang='lat' dir='ltr'><strong>inprimiS,</strong></span> <span class='ocrx_word' id='word_1_104' title='bbox 1003 1354 1185 1414; x_wconf 90' lang='lat' dir='ltr'><strong>credo,</strong></span> <span class='ocrx_word' id='word_1_105' title='bbox 1227 1356 1281 1402; x_wconf 90' lang='lat' dir='ltr'><strong>in</strong></span> <span class='ocrx_word' id='word_1_106' title='bbox 1297 1352 1568 1402; x_wconf 87' lang='lat' dir='ltr'><strong>multorum</strong></span> <span class='ocrx_word' id='word_1_107' title='bbox 1585 1355 1671 1402; x_wconf 70' lang='lat' dir='ltr'><strong>in-v</strong></span> 
     </span>
     <span class='ocr_line' id='line_1_15' title="bbox 251 1441 1659 1511; baseline 0 -19"><span class='ocrx_word' id='word_1_108' title='bbox 251 1444 420 1499; x_wconf 77' lang='lat' dir='ltr'><strong>curret</strong></span> <span class='ocrx_word' id='word_1_109' title='bbox 459 1444 926 1511; x_wconf 80' lang='lat' dir='ltr'><strong>reprehensionem,</strong></span> <span class='ocrx_word' id='word_1_110' title='bbox 987 1445 1127 1511; x_wconf 92' lang='lat' dir='ltr'><strong>quod</strong></span> <span class='ocrx_word' id='word_1_111' title='bbox 1158 1456 1355 1510; x_wconf 85' lang='lat' dir='ltr'><strong>apertas</strong></span> <span class='ocrx_word' id='word_1_112' title='bbox 1390 1441 1659 1510; x_wconf 83' lang='lat' dir='ltr'><strong>glossatoris</strong></span> 
     </span>
    </p>
   </div>
   <div class='ocr_carea' id='block_1_2' title="bbox 172 1531 1660 1601">
    <p class='ocr_par' dir='ltr' id='par_1_4' title="bbox 172 1531 1660 1601">
     <span class='ocr_line' id='line_1_16' title="bbox 172 1531 1660 1601; baseline 0.001 -20"><span class='ocrx_word' id='word_1_113' title='bbox 172 1543 175 1546; x_wconf 79' lang='grc'>’</span> <span class='ocrx_word' id='word_1_114' title='bbox 247 1531 692 1597; x_wconf 75' lang='lat' dir='ltr'><strong>hallucinationeS,</strong></span> <span class='ocrx_word' id='word_1_115' title='bbox 737 1536 949 1601; x_wconf 87' lang='lat' dir='ltr'><strong>illasque</strong></span> <span class='ocrx_word' id='word_1_116' title='bbox 984 1535 1368 1601; x_wconf 84' lang='lat' dir='ltr'><strong>explicationes,</strong></span> <span class='ocrx_word' id='word_1_117' title='bbox 1402 1551 1535 1601; x_wconf 87' lang='lat' dir='ltr'><strong>quae</strong></span> <span class='ocrx_word' id='word_1_118' title='bbox 1555 1533 1660 1584; x_wconf 83' lang='lat' dir='ltr'><strong>sen·-</strong></span> 
     </span>
    </p>
   </div>
   <div class='ocr_carea' id='block_1_3' title="bbox 244 1623 1660 2320">
    <p class='ocr_par' dir='ltr' id='par_1_5' title="bbox 244 1623 1660 2320">
     <span class='ocr_line' id='line_1_17' title="bbox 247 1623 1660 1691; baseline 0 -19"><span class='ocrx_word' id='word_1_119' title='bbox 247 1623 351 1672; x_wconf 82' lang='lat' dir='ltr'><strong>sum</strong></span> <span class='ocrx_word' id='word_1_120' title='bbox 376 1629 560 1675; x_wconf 90' lang='lat' dir='ltr'><strong>comici</strong></span> <span class='ocrx_word' id='word_1_121' title='bbox 582 1644 688 1674; x_wconf 88' lang='lat' dir='ltr'><strong>non</strong></span> <span class='ocrx_word' id='word_1_122' title='bbox 706 1625 960 1684; x_wconf 87' lang='lat' dir='ltr'><strong>illustrant,</strong></span> <span class='ocrx_word' id='word_1_123' title='bbox 983 1624 1066 1673; x_wconf 86' lang='lat' dir='ltr'><strong>sed</strong></span> <span class='ocrx_word' id='word_1_124' title='bbox 1085 1637 1392 1690; x_wconf 89' lang='lat' dir='ltr'><strong>pervertunt,</strong></span> <span class='ocrx_word' id='word_1_125' title='bbox 1424 1640 1531 1672; x_wconf 88' lang='lat' dir='ltr'><strong>non</strong></span> <span class='ocrx_word' id='word_1_126' title='bbox 1552 1623 1660 1691; x_wconf 85' lang='lat' dir='ltr'><strong>sup-</strong></span> 
     </span>
     <span class='ocr_line' id='line_1_18' title="bbox 248 1713 1659 1782; baseline 0.001 -21"><span class='ocrx_word' id='word_1_127' title='bbox 248 1714 524 1782; x_wconf 77' lang='lat' dir='ltr'><strong>prefferim.</strong></span> <span class='ocrx_word' id='word_1_128' title='bbox 616 1715 679 1761; x_wconf 89' lang='lat' dir='ltr'><strong>At</strong></span> <span class='ocrx_word' id='word_1_129' title='bbox 708 1731 864 1779; x_wconf 89' lang='lat' dir='ltr'><strong>quum</strong></span> <span class='ocrx_word' id='word_1_130' title='bbox 892 1730 998 1762; x_wconf 88' lang='lat' dir='ltr'><strong>non</strong></span> <span class='ocrx_word' id='word_1_131' title='bbox 1030 1717 1188 1763; x_wconf 90' lang='lat' dir='ltr'><strong>critici</strong></span> <span class='ocrx_word' id='word_1_132' title='bbox 1216 1713 1300 1763; x_wconf 84' lang='lat' dir='ltr'><strong>sed</strong></span> <span class='ocrx_word' id='word_1_133' title='bbox 1330 1713 1421 1762; x_wconf 88' lang='lat' dir='ltr'><strong>fidi</strong></span> <span class='ocrx_word' id='word_1_134' title='bbox 1455 1715 1659 1764; x_wconf 87' lang='lat' dir='ltr'><strong>editoris</strong></span> 
     </span>
     <span class='ocr_line' id='line_1_19' title="bbox 246 1802 1659 1870; baseline 0.001 -19"><span class='ocrx_word' id='word_1_135' title='bbox 246 1817 414 1870; x_wconf 88' lang='lat' dir='ltr'><strong>partes</strong></span> <span class='ocrx_word' id='word_1_136' title='bbox 444 1808 498 1851; x_wconf 90' lang='lat' dir='ltr'><strong>in</strong></span> <span class='ocrx_word' id='word_1_137' title='bbox 519 1821 602 1852; x_wconf 87' lang='lat' dir='ltr'><strong>me</strong></span> <span class='ocrx_word' id='word_1_138' title='bbox 631 1803 950 1869; x_wconf 83' lang='lat' dir='ltr'><strong>susceperim,</strong></span> <span class='ocrx_word' id='word_1_139' title='bbox 988 1802 1109 1852; x_wconf 87' lang='lat' dir='ltr'><strong>huic</strong></span> <span class='ocrx_word' id='word_1_140' title='bbox 1130 1802 1297 1852; x_wconf 87' lang='lat' dir='ltr'><strong>officio</strong></span> <span class='ocrx_word' id='word_1_141' title='bbox 1324 1820 1431 1852; x_wconf 86' lang='lat' dir='ltr'><strong>non</strong></span> <span class='ocrx_word' id='word_1_142' title='bbox 1462 1803 1569 1853; x_wconf 87' lang='lat' dir='ltr'><strong>satis</strong></span> <span class='ocrx_word' id='word_1_143' title='bbox 1587 1805 1659 1868; x_wconf 81' lang='lat' dir='ltr'><strong>fa·</strong></span> 
     </span>
     <span class='ocr_line' id='line_1_20' title="bbox 249 1891 1659 1959; baseline 0.003 -17"><span class='ocrx_word' id='word_1_144' title='bbox 249 1910 373 1943; x_wconf 87' lang='lat' dir='ltr'><strong>cere</strong></span> <span class='ocrx_word' id='word_1_145' title='bbox 394 1894 628 1954; x_wconf 86' lang='lat' dir='ltr'><strong>videbar,</strong></span> <span class='ocrx_word' id='word_1_146' title='bbox 670 1892 703 1941; x_wconf 87' lang='lat' dir='ltr'><strong>fi</strong></span> <span class='ocrx_word' id='word_1_147' title='bbox 729 1911 790 1942; x_wconf 88' lang='lat' dir='ltr'><strong>ex</strong></span> <span class='ocrx_word' id='word_1_148' title='bbox 809 1896 939 1941; x_wconf 87' lang='lat' dir='ltr'><strong>notis</strong></span> <span class='ocrx_word' id='word_1_149' title='bbox 975 1893 1165 1959; x_wconf 87' lang='lat' dir='ltr'><strong>aliquid</strong></span> <span class='ocrx_word' id='word_1_150' title='bbox 1195 1891 1488 1944; x_wconf 69' lang='lat' dir='ltr'><strong>sustulissem.</strong></span> <span class='ocrx_word' id='word_1_151' title='bbox 1553 1896 1659 1946; x_wconf 86' lang='lat' dir='ltr'><strong>De-</strong></span> 
     </span>
     <span class='ocr_line' id='line_1_21' title="bbox 244 1981 1658 2054; baseline 0.001 -22"><span class='ocrx_word' id='word_1_152' title='bbox 244 1984 370 2032; x_wconf 87' lang='lat' dir='ltr'><strong>inde</strong></span> <span class='ocrx_word' id='word_1_153' title='bbox 389 1983 423 2031; x_wconf 85' lang='lat' dir='ltr'><strong>fi</strong></span> <span class='ocrx_word' id='word_1_154' title='bbox 454 1984 707 2033; x_wconf 88' lang='lat' dir='ltr'><strong>delectum</strong></span> <span class='ocrx_word' id='word_1_155' title='bbox 734 1981 996 2049; x_wconf 83' lang='lat' dir='ltr'><strong>gloffarum</strong></span> <span class='ocrx_word' id='word_1_156' title='bbox 1020 1981 1275 2043; x_wconf 81' lang='lat' dir='ltr'><strong>dediffem,</strong></span> <span class='ocrx_word' id='word_1_157' title='bbox 1310 1982 1514 2054; x_wconf 83' lang='lat' dir='ltr'><strong>suspicio</strong></span> <span class='ocrx_word' id='word_1_158' title='bbox 1537 1989 1658 2034; x_wconf 85' lang='lat' dir='ltr'><strong>oriri</strong></span> 
     </span>
     <span class='ocr_line' id='line_1_22' title="bbox 245 2072 1657 2141; baseline 0.002 -20"><span class='ocrx_word' id='word_1_159' title='bbox 245 2072 502 2139; x_wconf 83' lang='lat' dir='ltr'><strong>potuiffet,</strong></span> <span class='ocrx_word' id='word_1_160' title='bbox 547 2074 707 2121; x_wconf 91' lang='lat' dir='ltr'><strong>bonas</strong></span> <span class='ocrx_word' id='word_1_161' title='bbox 743 2073 1103 2139; x_wconf 87' lang='lat' dir='ltr'><strong>explicationes</strong></span> <span class='ocrx_word' id='word_1_162' title='bbox 1132 2073 1213 2121; x_wconf 89' lang='lat' dir='ltr'><strong>vel</strong></span> <span class='ocrx_word' id='word_1_163' title='bbox 1243 2073 1389 2130; x_wconf 82' lang='lat' dir='ltr'><strong>tales,</strong></span> <span class='ocrx_word' id='word_1_164' title='bbox 1435 2077 1657 2141; x_wconf 88' lang='lat' dir='ltr'><strong>quae.ad</strong></span> 
     </span>
     <span class='ocr_line' id='line_1_23' title="bbox 247 2161 1657 2230; baseline 0.001 -16"><span class='ocrx_word' id='word_1_165' title='bbox 247 2163 410 2214; x_wconf 87' lang='lat' dir='ltr'><strong>bonas</strong></span> <span class='ocrx_word' id='word_1_166' title='bbox 431 2168 564 2213; x_wconf 89' lang='lat' dir='ltr'><strong>viam</strong></span> <span class='ocrx_word' id='word_1_167' title='bbox 585 2166 831 2229; x_wconf 87' lang='lat' dir='ltr'><strong>aperiunt,</strong></span> <span class='ocrx_word' id='word_1_168' title='bbox 863 2161 1225 2230; x_wconf 78' lang='lat' dir='ltr'><strong>praetermiffas</strong></span> <span class='ocrx_word' id='word_1_169' title='bbox 1247 2161 1357 2223; x_wconf 78' lang='lat' dir='ltr'><strong>effe,</strong></span> <span class='ocrx_word' id='word_1_170' title='bbox 1395 2175 1444 2213; x_wconf 94' lang='lat' dir='ltr'><strong>et</strong></span> <span class='ocrx_word' id='word_1_171' title='bbox 1459 2163 1657 2216; x_wconf 83' lang='lat' dir='ltr'><strong>fortaffe</strong></span> 
     </span>
     <span class='ocr_line' id='line_1_24' title="bbox 249 2249 1658 2320; baseline 0 -16"><span class='ocrx_word' id='word_1_172' title='bbox 249 2255 513 2304; x_wconf 78' lang='lat' dir='ltr'><strong>censorum</strong></span> <span class='ocrx_word' id='word_1_173' title='bbox 536 2254 726 2320; x_wconf 87' lang='lat' dir='ltr'><strong>aliquot</strong></span> <span class='ocrx_word' id='word_1_174' title='bbox 744 2249 846 2304; x_wconf 87' lang='lat' dir='ltr'><strong>hoc</strong></span> <span class='ocrx_word' id='word_1_175' title='bbox 867 2252 1123 2302; x_wconf 85' lang='lat' dir='ltr'><strong>confilium</strong></span> <span class='ocrx_word' id='word_1_176' title='bbox 1140 2252 1518 2319; x_wconf 83' lang='lat' dir='ltr'><strong>improbass&#39;ent,</strong></span> <span class='ocrx_word' id='word_1_177' title='bbox 1551 2253 1658 2304; x_wconf 84' lang='lat' dir='ltr'><strong>fibi-</strong></span> 
     </span>
    </p>
   </div>
   <div class='ocr_carea' id='block_1_4' title="bbox 249 2341 1739 2412">
    <p class='ocr_par' dir='ltr' id='par_1_6' title="bbox 249 2341 1739 2412">
     <span class='ocr_line' id='line_1_25' title="bbox 249 2341 1739 2412; baseline 0.001 -19"><span class='ocrx_word' id='word_1_178' title='bbox 249 2362 352 2412; x_wconf 89' lang='lat' dir='ltr'><strong>que</strong></span> <span class='ocrx_word' id='word_1_179' title='bbox 382 2346 624 2394; x_wconf 90' lang='lat' dir='ltr'><strong>iudicium</strong></span> <span class='ocrx_word' id='word_1_180' title='bbox 657 2344 723 2394; x_wconf 93' lang='lat' dir='ltr'><strong>de</strong></span> <span class='ocrx_word' id='word_1_181' title='bbox 750 2344 975 2393; x_wconf 87' lang='lat' dir='ltr'><strong>bonitate</strong></span> <span class='ocrx_word' id='word_1_182' title='bbox 1008 2341 1267 2409; x_wconf 71' lang='lat' dir='ltr'><strong>glossarum</strong></span> <span class='ocrx_word' id='word_1_183' title='bbox 1298 2346 1549 2410; x_wconf 85' lang='lat' dir='ltr'><strong>integrum</strong></span> <span class='ocrx_word' id='word_1_184' title='bbox 1578 2363 1657 2395; x_wconf 90' lang='lat' dir='ltr'><strong>re-</strong></span> <span class='ocrx_word' id='word_1_185' title='bbox 1736 2359 1739 2363; x_wconf 83' lang='lat'>&#39;</span> 
     </span>
    </p>
   </div>
   <div class='ocr_carea' id='block_1_5' title="bbox 248 2432 1656 2770">
    <p class='ocr_par' dir='ltr' id='par_1_7' title="bbox 248 2432 1656 2770">
     <span class='ocr_line' id='line_1_26' title="bbox 248 2432 1656 2500; baseline 0 -17"><span class='ocrx_word' id='word_1_186' title='bbox 248 2434 422 2483; x_wconf 88' lang='lat' dir='ltr'><strong>lictum</strong></span> <span class='ocrx_word' id='word_1_187' title='bbox 450 2434 545 2483; x_wconf 71' lang='lat' dir='ltr'><strong>elle</strong></span> <span class='ocrx_word' id='word_1_188' title='bbox 575 2432 833 2500; x_wconf 81' lang='lat' dir='ltr'><strong>optaffent.</strong></span> <span class='ocrx_word' id='word_1_189' title='bbox 901 2435 1048 2495; x_wconf 87' lang='lat' dir='ltr'><strong>Quae</strong></span> <span class='ocrx_word' id='word_1_190' title='bbox 1073 2436 1206 2482; x_wconf 91' lang='lat' dir='ltr'><strong>enim</strong></span> <span class='ocrx_word' id='word_1_191' title='bbox 1227 2434 1379 2483; x_wconf 89' lang='lat' dir='ltr'><strong>lectio</strong></span> <span class='ocrx_word' id='word_1_192' title='bbox 1398 2434 1479 2484; x_wconf 89' lang='lat' dir='ltr'><strong>vel</strong></span> <span class='ocrx_word' id='word_1_193' title='bbox 1503 2435 1656 2500; x_wconf 83' lang='lat' dir='ltr'><strong>expli-</strong></span> 
     </span>
     <span class='ocr_line' id='line_1_27' title="bbox 252 2522 1655 2589; baseline 0 -14"><span class='ocrx_word' id='word_1_194' title='bbox 252 2529 383 2575; x_wconf 88' lang='lat' dir='ltr'><strong>catio</strong></span> <span class='ocrx_word' id='word_1_195' title='bbox 425 2525 531 2573; x_wconf 85' lang='lat' dir='ltr'><strong>aliis</strong></span> <span class='ocrx_word' id='word_1_196' title='bbox 574 2527 737 2572; x_wconf 89' lang='lat' dir='ltr'><strong>minus</strong></span> <span class='ocrx_word' id='word_1_197' title='bbox 771 2522 1047 2589; x_wconf 84' lang='lat' dir='ltr'><strong>probabilis</strong></span> <span class='ocrx_word' id='word_1_198' title='bbox 1069 2522 1157 2582; x_wconf 85' lang='lat' dir='ltr'><strong>est,</strong></span> <span class='ocrx_word' id='word_1_199' title='bbox 1213 2524 1318 2572; x_wconf 88' lang='lat' dir='ltr'><strong>aliis</strong></span> <span class='ocrx_word' id='word_1_200' title='bbox 1352 2525 1575 2575; x_wconf 86' lang='lat' dir='ltr'><strong>arridere</strong></span> <span class='ocrx_word' id='word_1_201' title='bbox 1604 2539 1655 2575; x_wconf 88' lang='lat' dir='ltr'><strong>et</strong></span> 
     </span>
     <span class='ocr_line' id='line_1_28' title="bbox 248 2611 1652 2681; baseline 0.001 -17"><span class='ocrx_word' id='word_1_202' title='bbox 248 2633 368 2665; x_wconf 88' lang='lat' dir='ltr'><strong>vera</strong></span> <span class='ocrx_word' id='word_1_203' title='bbox 409 2615 586 2663; x_wconf 89' lang='lat' dir='ltr'><strong>haberi</strong></span> <span class='ocrx_word' id='word_1_204' title='bbox 631 2611 804 2679; x_wconf 88' lang='lat' dir='ltr'><strong>potest.</strong></span> <span class='ocrx_word' id='word_1_205' title='bbox 905 2614 961 2661; x_wconf 89' lang='lat' dir='ltr'><strong>E.</strong></span> <span class='ocrx_word' id='word_1_206' title='bbox 994 2631 1063 2680; x_wconf 87' lang='lat' dir='ltr'><strong>gr.</strong></span> <span class='ocrx_word' id='word_1_207' title='bbox 1090 2611 1652 2681; x_wconf 68' lang='lat' dir='ltr'><strong>Westerhovius‘praef.</strong></span> 
     </span>
     <span class='ocr_line' id='line_1_29' title="bbox 252 2703 1652 2770; baseline 0.001 -15"><span class='ocrx_word' id='word_1_208' title='bbox 252 2706 369 2755; x_wconf 87' lang='lat' dir='ltr'><strong>edit.</strong></span> <span class='ocrx_word' id='word_1_209' title='bbox 389 2708 519 2756; x_wconf 90' lang='lat' dir='ltr'><strong>inter</strong></span> <span class='ocrx_word' id='word_1_210' title='bbox 540 2703 775 2753; x_wconf 73' lang='lat' dir='ltr'><strong>absurdas</strong></span> <span class='ocrx_word' id='word_1_211' title='bbox 803 2705 1108 2770; x_wconf 88' lang='lat' dir='ltr'><strong>optimorum</strong></span> <span class='ocrx_word' id='word_1_212' title='bbox 1143 2703 1380 2753; x_wconf 88' lang='lat' dir='ltr'><strong>codicum</strong></span> <span class='ocrx_word' id='word_1_213' title='bbox 1408 2705 1652 2756; x_wconf 85' lang='lat' dir='ltr'><strong>lectiones</strong></span> 
     </span>
    </p>
   </div>
  </div>
 </body>
</html>
