1812 3100
307 143 406 214 3522

607 152 1426 232 mmmm-mmmmm&

299 295 456 349 MEN.
487 298 862 366 Quamobrem?
939 303 1036 350 CH.
1072 302 1261 353 Decem
1278 300 1341 366 6¹')
1377 303 1577 356 dierum
1595 291 1720 358 mihi

661 368 742 415 vix
762 369 828 416 est
860 367 1056 418 familia.

303 433 461 483 MEN.
503 433 639 501 Quid
663 436 704 494 *)
745 436 870 484 istuc
903 436 1071 493 times,
1117 437 1256 504 quod
1287 437 1369 489 ille
1397 437 1461 503 62)
1511 458 1714 508 operam

659 502 745 551 dat
765 503 926 551 amico
949 504 1068 552 suo?
1087 503 1149 564 ⁶3)
1572 529 1581 535 ·

302 571 401 617 CH.
445 572 604 619 Immo
623 567 685 629 ⁶4)
735 570 874 638 quod
909 572 1109 621 amicae.
1128 570 1189 631 ⁶6)
1255 571 1412 623 MEN.
1457 575 1509 626 Si
1539 574 1717 639 dat?*)

657 637 752 686 CH.
786 647 859 685 An
887 636 1096 686 dubium
1127 638 1178 688 id
1198 638 1289 688 tibi
1312 642 1415 689 est?
1597 662 1600 665 ·

296 706 617 772 Quemquam
655 706 824 754 animo
864 718 965 754 tam
1004 707 1261 763 communi
1291 704 1356 767 66)
1409 708 1503 759 esse'
1537 723 1588 761 et
1612 709 1716 761 leni

655 786 820 838 putas,

224 854 279 902 4ο
295 840 399 906 Qui
414 839 458 887 se
480 838 682 888 vidente
704 842 917 889 amicam
938 840 1162 906 patiatur
1183 840 1318 890 suam
1332 841 1356 889 ’Β
1375 837 1439 901 67)

293 908 450 957 ΜΕΝ.
489 906 578 955 Ah.
590 904 632 970 *)
667 906 860 974 quidni,
883 904 948 971 68)
986 927 1090 976 quo
1110 907 1171 973 ⁶9)
1208 908 1359 959 verba
1380 908 1578 960 facilius
1599 910 1715 961 den·

652 987 735 1024 tur
757 974 907 1023 mihi?

292 1043 389 1091 CH.
426 1041 652 1091 Derides.
719 1042 901 1092 Merito
939 1042 1059 1092 mihi
1082 1063 1219 1095 nunc
1242 1063 1334 1111 ego
1356 1026 1627 1096 succenseoss
1652 1051 1714 1108 7⁰)

260 1176 265 1182 x
295 1114 435 1177 Quot
454 1127 533 1158 res
558 1116 616 1170 7¹)
654 1108 836 1159 dedere
861 1119 920 1172 72)
958 1112 1043 1161 ubi
1068 1113 1249 1179 possem
1273 1114 1628 1178 persentiscere,
1663 1122 1671 1130 '

291 1180 362 1229 Ni
385 1178 529 1227 essem
548 1175 677 1245 lapis
690 1196 703 1236 3
737 1197 872 1246 quae
893 1180 1006 1230 vidi.
1035 1183 1138 1229 Vae
1156 1180 1330 1230 miIero
1351 1180 1483 1230 mihi.

352 1310 417 1356 61)
439 1309 513 1344 Vix
541 1321 604 1356 per
633 1308 757 1345 decem
785 1309 864 1346 dies
891 1324 1008 1346 meam
1039 1323 1165 1359 potero
1195 1310 1388 1347 sustentare
1413 1311 1588 1347 familiam
1618 1311 1711 1360 post-

395 1379 504 1414 quam
523 1367 676 1403 Bacchis
702 1369 837 1403 venerit
866 1381 950 1405 cum
979 1370 1153 1405 comitatu
1182 1367 1257 1403 suo.

1320 1369 1358 1413 ³¹)
1383 1370 1474 1405 edit.
1495 1372 1710 1418 interrogat

393 1424 458 1470 62)
489 1434 572 1459 tuus
596 1423 689 1458 filius
713 1424 881 1472 Clitipho
952 1426 1018 1471 63)
1037 1439 1126 1461 eum
1148 1425 1343 1465 vifitando,
1370 1426 1514 1461 Cliniae
1576 1426 1643 1472 64)
1668 1428 1710 1460 ni-

389 1493 473 1516 meo
521 1481 586 1527 65)
605 1480 688 1516 suae
706 1480 859 1517 dedisset
879 1494 1026 1529 operam
1052 1481 1090 1528 1*)
1108 1485 1200 1520 edit.
1218 1498 1293 1520 non
1311 1486 1523 1530 inter-rogae
1568 1483 1632 1529 66)
1652 1483 1711 1517 be-

390 1536 523 1573 nevolo
578 1538 644 1583 67)
669 1537 848 1585 corrumpi
894 1538 924 1580 ⁴¹)
949 1540 1007 1575 ed.
1030 1542 1150 1575 amice.
1182 1538 1228 1573 ah
1289 1540 1333 1581 63
1360 1539 1420 1575 ah.
1450 1539 1507 1575 he.
1532 1539 1614 1586 quid
1647 1540 1710 1574 ali-

391 1605 446 1630 ter
490 1594 556 1640 69)
582 1605 621 1629 ut
668 1597 731 1641 7⁰)
755 1594 984 1642 reprehendo
1039 1596 1104 1642 71)
1131 1595 1245 1631 multa
1273 1594 1411 1630 indicia
1456 1599 1514 1643 72)
1539 1595 1707 1644 Clitipho

396 1662 433 1688 et
451 1650 620 1686 Bacchis.

332 1777 389 1821 36.
408 1777 578 1821 familia]
597 1777 756 1820 familia
775 1775 958 1810 interdum

284 1833 434 1882 ponitur
462 1845 528 1880 pro
556 1846 594 1867 re
620 1832 789 1867 familiari
819 1832 873 1866 vel
897 1844 959 1880 pa·

282 1889 470 1926 trimonio.
517 1889 635 1924 sicin
664 1889 772 1935 legib.
802 1890 880 1923 XII.
906 1899 957 1923 ta·

282 1947 448 1983 bularum
466 1945 634 1991 [criptum
651 1946 701 1982 est
718 1958 827 1991 pater·
837 1947 956 1989 fami-

281 2007 359 2044 lias
384 2015 425 2039 ut
446 2007 558 2050 super
568 2006 731 2047 familia
751 2005 956 2048 pecuniave

272 2066 347 2110 sua
380 2061 591 2108 legaverit.
624 2063 684 2096 ica
717 2062 778 2095 ius
806 2063 892 2105 esto.
922 2070 954 2092 v.

279 2120 384 2155 Auct.
407 2116 454 2151 ad
466 2117 624 2151 Herenn.
644 2117 661 2150 1
688 2123 746 2157 23.
774 2115 834 2149 Sic
857 2114 955 2162 apud

278 2175 389 2211 ICto·
415 2173 611 2216 keroiseere
635 2174 832 2217 familiam
864 2174 888 2207 i.
922 2186 953 2208 e.

278 2230 379 2266 bona
397 2228 617 2264 hereditaria
633 2228 804 2264 dividere.
821 2229 956 2277 vulpi-

278 2298 339 2322 au.
353 2289 390 2322 iu
403 2286 482 2333 lege
507 2295 568 2332 ¹95
591 2289 621 2331 S.
640 2299 670 2323 1.
686 2285 893 2320 Pandectar.
906 2285 952 2320 de

277 2343 418 2378 verbor.
455 2341 603 2388 fignific.
626 2354 661 2378 et
687 2341 885 2378 Ernestium
913 2343 952 2376 in

278 2398 378 2435 clav'e
398 2399 567 2434 Ciceron.
590 2412 620 2434 v.
641 2399 792 2434 familia.
842 2399 950 2433 Ratio

276 2456 365 2492 inde
386 2455 436 2491 est
464 2456 562 2503 quod
592 2456 681 2491 olim
715 2468 841 2501 magne
869 2467 950 2502 pars

275 2525 389 2560 opum
411 2512 515 2548 servis
530 2535 550 2551 .-
573 2526 664 2561 quos
698 2513 876 2547 familiam
897 2511 951 2546 di-

276 2569 433 2607 cebant,
462 2570 659 2607 constabat.

321 2634 377 2672 39.
403 2628 607 2672 communi]
674 2629 874 2663 communis
899 2622 948 2660 est

274 2682 477 2723 modestus,
506 2683 599 2718 nihil
625 2686 857 2731 praecipuum
881 2683 946 2718 fibi

274 2738 435 2775 tribuens
454 2746 551 2787 'prae
586 2741 688 2781 aliis,
718 2740 873 2777 Civilem
893 2739 947 2774 di-

1035 1775 1328 1811 cuntSuetoniu·
1348 1786 1383 1811 et
1413 1774 1476 1809 alii
1495 1774 1594 1810 illiue
1611 1783 1705 1810 aeta-

1033 1834 1080 1868 tis
1099 1829 1309 1880 scriptores,
1345 1831 1442 1879 Nep.
1465 1832 1502 1865 in
1524 1833 1594 1865 Att.
1617 1843 1648 1865 c.
1668 1839 1702 1873 3.

1023 1891 1085 1935 ste
1104 1893 1146 1937 se
1174 1889 1324 1936 gerebat
1351 1900 1392 1924 uc
1413 1889 1616 1924 communis
1643 1890 1702 1924 in·

1022 1948 1130 1993 fimis
1152 1947 1345 1986 vider-etur
1373 1946 1536 1979 Laetam.
1567 1944 1614 1978 V.
1643 1955 1701 1978 22.

1031 2016 1064 2039 v,
1093 2005 1253 2038 luterum
1294 2001 1340 2035 ad
1371 1998 1626 2047 Symmnchum
1654 2001 1701 2035 11.

1031 2072 1086 2106 79.
1132 2069 1167 2094 et
1199 2059 1328 2095 Gru-v.
1369 2057 1414 2091 ad
1445 2056 1614 2092 Ciceron.
1654 2055 1700 2091 ad

1030 2117 1116 2152 Div.
1136 2117 1200 2151 IV.
1218 2128 1253 2162 9.
1301 2113 1372 2150 Sed
1394 2113 1454 2147 hic
1476 2113 1567 2148 ratio
1584 2111 1700 2148 versu·

1030 2173 1141 2218 exigit
1161 2175 1285 2208 animo
1304 2173 1399 2206 comi
1414 2165 1487 2205 rron
1506 2173 1699 2211 communi.

1032 2242 1124 2277 quae
1146 2241 1251 2263 voces
1280 2228 1416 2262 centies
1437 2227 1529 2262 iuter
1548 2225 1582 2261 se
1604 2239 1701 2261 com-

1029 2296 1227 2322 mutantur.
1247 2297 1279 2319 v.
1300 2284 1430 2320 Graev.
1451 2283 1496 2317 ad
1517 2283 1632 2318 Cicer.
1653 2282 1699 2318 de

1030 2343 1141 2379 Offic.
1168 2344 1232 2377 111.
1264 2351 1299 2386 5.
1330 2352 1365 2377 et
1395 2340 1511 2376 Drak.
1543 2339 1588 2374 ed
1617 2340 1695 2375 Liv.

1027 2401 1141 2437 XXV.
1168 2412 1220 2434 12.

1072 2464 1131 2501 42.
1154 2456 1314 2492 Derides
1324 2453 1408 2498 eea]
1434 2454 1622 2489 Petromc.
1637 2459 1698 2495 58.

1027 2513 1189 2549 absolute
1212 2513 1302 2548 dicit
1326 2511 1514 2547 der-idere,
1538 2519 1605 2545 aue
1623 2521 1694 2554 ego

1024 2585 1099 2607 non
1119 2584 1174 2606 me
1194 2572 1299 2610 novi,
1323 2577 1391 2604 aut
1411 2581 1486 2603 non
1498 2566 1692 2605 deridebis.

1023 2626 1087 2661 ubi
1107 2640 1137 2660 v.
1161 2628 1386 2672 interpretes.
1450 2640 1453 2641 ⁷
1630 2615 1634 2618 i

1069 2691 1126 2726 43.
1155 2694 1243 2729 quot
1271 2697 1327 2718 res
1353 2683 1509 2723 dedere]
1554 2677 1693 2713 {cilicet

1021 2737 1057 2774 l'e
1076 2741 1101 2774 i.
1115 2753 1145 2775 e.
1158 2751 1248 2788 quot
1265 2752 1320 2775 res
1340 2747 1533 2775 evenerunt
1552 2736 1589 2770 in
1602 2735 1691 2770 Heca
