1780 3100
541 139 680 184 Aer.
716 138 751 185 1.
829 135 1005 186 Scnn.
1040 135 1125 184 1V.
1484 141 1552 199 47

154 251 157 254 -
208 316 225 325 ,-
287 259 522 332 (Aca-'us
563 271 599 321 Ῑ.
665 273 867 321 ΞοεΝΑ
900 273 985 319 IV.
1054 271 1284 333 MYSIS.)
1326 269 1389 332 ²4)

118 369 303 462 Audivi
339 374 570 434 Archilis‚
604 376 644 436 *)
685 379 747 436 ²5)
801 376 903 423 iam
947 371 1143 423 dudum
1191 372 1425 424 Lesbiam
1462 376 1554 437 ²5¹¹)

393 478 395 480 -
477 442 668 493 adduci
699 441 861 492 iubeS.
1477 478 1504 502 x

119 513 253 563 Sane
272 506 444 578 pol‘25)
477 511 565 561 illa
588 518 650 573 ²7)
681 510 961 561 temulenta
989 511 1058 560 est
1085 509 1289 571 mulier,
1324 524 1375 560 et
1404 524 1555 563 teme-

480 581 630 630 raria.

92 610 243 727 Nec
253 649 370 700 satis
393 648 545 716 digna
565 653 627 710 ²8)
661 649 747 699 cui
771 649 1059 699 committas
1090 647 1256 715 primo
1277 660 1432 713 partu
1451 665 1557 697 mu-

8 757 31 765 .,
483 717 672 766 lierem.

122 787 326 836 Tamen
347 803 458 835 earn
482 785 748 835 adducam.
794 786 1235 850 Importunitatem
1260 785 1478 852 spectate
1495 786 1559 845 ²9)

486 853 734 912 aniculae,
763 858 823 914 30)

18 922 24 928 ⁸
80 919 259 991 SQuia
293 923 581 989 compotrix
608 928 671 984 δ’)
704 924 815 974 eius
848 922 927 973 est.
994 922 1077 981 Di,
1107 926 1168 987 32)
1206 920 1321 971 date
1350 918 1559 970 faculta-

487 1003 589 1040 tem
611 993 652 1055 *)

185 1124 252 1171 ²4)
274 1122 383 1171 Myfis
404 1133 440 1159 et
455 1122 612 1160 Archilis
632 1124 829 1160 ancillulae
850 1134 952 1160 erant
976 1123 1159 1171 Glycerii,
1185 1135 1300 1172 quae,
1334 1121 1422 1157 dum
1441 1131 1562 1169 partu-

232 1181 341 1220 tiret,
367 1179 463 1215 mifit
482 1194 592 1216 unam
611 1182 755 1217 istarum
778 1183 802 1219 i.
824 1196 852 1217 e.
870 1181 1001 1222 Minu,
1038 1180 1085 1215 ad
1113 1179 1368 1216 accersendum
1398 1177 1561 1214 obstetri-

199 1253 206 1260 ·
234 1250 334 1277 cem,
364 1237 514 1273 nomine
534 1238 725 1278 Lesbiam,
762 1251 855 1286 quae
877 1252 954 1274 non
982 1237 1066 1274 satis
1085 1239 1202 1288 perita
1224 1249 1300 1274 erat
1318 1236 1560 1272 obstetricare.

230 1292 414 1342 Loquitur
434 1290 555 1330 autem
583 1296 655 1335 ita,
686 1296 792 1344 quasi
820 1296 885 1331 illa
913 1296 1143 1344 egrediente,
1173 1295 1351 1334 Archilis,
1384 1306 1477 1341 quae
1497 1293 1563 1327 do-

147 1384 177 1396 ..
230 1350 286 1387 mi
302 1349 502 1393 relidebat.
531 1353 748 1390 inclamaret
779 1354 901 1394 illam,
935 1354 1038 1390 ocius
1056 1355 1109 1390 ire
1136 1368 1203 1404 pro
1223 1352 1434 1392 obstetrice,
1469 1361 1504 1386 et
1522 1350 1563 1385 in

193 1410 198 1417 '
233 1407 359 1445 eundo
378 1408 599 1458 loquebatur
619 1411 752 1447 [ecum.
798 1412 834 1458 ⁴¹)
873 1413 974 1448 Edit.
1002 1411 1302 1451 Zeun.Archilli³
1322 1425 1390 1456 per·
1418 1409 1562 1454 duplex

233 1467 276 1504 L·
303 1466 471 1514 Wescerh.
489 1483 558 1512 per·
569 1469 754 1516 simplex.
773 1472 775 1475 '
800 1471 946 1506 Ambae
964 1471 1200 1518 distinguunt
1217 1470 1300 1514 pofl:
1318 1472 1397 1506 iam
1419 1468 1565 1504 dudum

174 1537 178 1541 ·
233 1525 301 1570 25)
325 1525 398 1559 alia
416 1526 550 1560 ancilia
570 1526 731 1574 Glycerii
753 1528 829 1563 eius
850 1526 948 1562 socia
1003 1536 1047 1571 25
1060 1529 1100 1574 a)
1124 1527 1355 1563 obstetricem
1411 1526 1477 1571 26)
1500 1535 1566 1572 per

231 1581 355 1618 Deum
376 1581 565 1618 Pollucem
612 1587 678 1631 ²7)
703 1585 811 1620 Lesbi
817 1597 836 1619 a
883 1586 949 1630 28)
970 1585 1088 1633 perita
1134 1586 1201 1632 ²9)
1227 1594 1349 1619 cavete
1396 1582 1462 1629 30)
1481 1583 1567 1616 Les·

233 1637 319 1674 biae
367 1639 483 1685 3¹)
473 1653 498 1674 ι.
530 1654 562 1676 e.
591 1655 744 1692 compos
772 1643 1062 1714 importunitatis
1108 1645 1174 1689 32)
1199 1642 1255 1678 vel
1282 1641 1349 1677 Dii
1395 1640 1434 1687 ⁴³)
1461 1639 1563 1677 Edit.

137 1695 147 1705 '
167 1720 210 1772 m
235 1695 386 1733 addunt
411 1694 573 1732 obsecro.

256 1834 374 1870 Acw.¹
397 1834 429 1872 1.
475 1833 616 1871 Sc'nv.
641 1842 678 1882 4.
884 1839 920 1874 6.
948 1838 1043 1884 sane
1072 1837 1317 1884 iungendumss
1337 1849 1422 1873 cum
1451 1847 1567 1873 temu-

179 1901 211 1925 1.
222 1892 320 1933 iam
355 1891 524 1940 dudum]
593 1893 729 1931 dicitur
762 1895 809 1931 de
885 1896 1001 1932 lenta.
1496 1923 1499 1926 -

58 1999 59 2003 Ἰ
130 1957 297 2003 tempore
315 1961 391 1984 non
413 1948 524 1996 longe
552 1953 750 1998 praeterito
770 1954 809 1988 in
931 1959 969 1998 4.
996 1965 1122 1990 tamen
1141 1966 1223 1990 eam
1240 1952 1443 1998 adducam]
1490 1951 1568 1999 ple·

0 2000 1 2010 ¹
129 1995 224 2041 Ei'm.
251 2006 317 2041 lv.
343 2007 377 2044 6.
402 2015 437 2051 5.
464 2023 535 2056 ego
561 2014 640 2047 iam
668 2012 811 2048 dudum
886 2024 957 2047 nus
977 2009 1096 2046 sensus
1121 2010 1191 2046 est:
1216 2010 1280 2047 etfi
1298 2010 1430 2046 mulier
1453 2020 1568 2045 temu-

129 2063 192 2100 1:1⁶0
209 2064 351 2109 adfiirn.
389 2064 469 2099 Cic.
489 2064 535 2100 de
555 2068 691 2104 amicit.
709 2082 739 2109 c,
752 2082 811 2104 22.
888 2069 989 2117 lenta
1007 2068 1077 2110 est,
1101 2079 1225 2104 tamen
1257 2079 1339 2103 eam
1370 2068 1567 2103 adducam.

131 2133 180 2158 ea
199 2134 309 2170 quam
330 2125 406 2158 iam
427 2123 572 2160 dudam
600 2137 812 2164 tractamus·
887 2126 988 2162 Nam
1001 2125 1107 2173 [nepe
1121 2126 1324 2173 particulae
1342 2139 1567 2176 quanquam.

123 2177 324 2227 stabilitas
341 2182 542 2221 amiciciae,
569 2194 635 2228 pro
655 2197 728 2231 quo
748 2186 813 2220 Pe-
890 2187 1078 2235 quamvis,
1097 2183 1168 2229 etsi
1179 2210 1190 2224 ,
1216 2182 1349 2230 quibus
1375 2197 1500 2221 tamen
1517 2197 1571 2218 re·

132 2245 230 2271 tron-
249 2230 353 2271 dicit
360 2238 438 2273 iam
449 2239 591 2275 olimv.
602 2239 812 2279 Broukhus.
890 2241 1069 2290 [pondere
1086 2238 1188 2280 solet.
1213 2253 1279 2288 per
1298 2241 1441 2289 ellipfin
1463 2240 1571 2275 omit-

136 2289 186 2326 ad
201 2281 342 2326 Tibull.
363 2293 427 2329 111.
443 2295 478 2329 6.
496 2295 553 2337 63.
574 2305 610 2332 et
620 2297 813 2333 Drakenb.
891 2302 1028 2335 tuntur.
1047 2309 1080 2332 v.
1095 2296 1261 2332 Gronov.
1280 2297 1327 2332 ad
1346 2298 1423 2335 Liv.
1435 2299 1569 2334 xxm.

137 2346 185 2383 ad
205 2347 272 2383 Sil.
292 2347 373 2384 Ital.
396 2349 460 2385 XI.
479 2358 560 2396 273.
895 2364 952 2399 13.
982 2366 1018 2391 et
1042 2354 1162 2393 Drak.
1197 2354 1246 2390 ad
1278 2355 1357 2392 Liv.
1383 2356 1571 2392 XXXVII.

183 2417 220 2441 2·
242 2409 339 2453 sune
369 2409 438 2452 pol
472 2411 546 2446 illa
583 2413 813 2460 temulenta]
891 2421 951 2458 25·

137 2462 206 2509 pol
241 2475 427 2511 contracte
468 2466 604 2521 dicitur
642 2482 708 2517 pro
747 2485 818 2517 per
940 2470 1290 2517 importunitatem]
1337 2470 1484 2518 proprie
1503 2472 1572 2506 im·

136 2521 344 2565 pollionem
360 2536 375 2564 ;
425 2522 524 2559 idem
561 2525 611 2561 est
647 2526 817 2575 aedepol.
893 2540 1079 2575 por-eunus
1109 2527 1159 2563 est
1193 2539 1269 2562 non
1304 2527 1444 2563 habens
1477 2540 1574 2562 com-

138 2576 223 2612 Hoc
242 2576 498 2616 iusiurandum
519 2592 554 2618 et
576 2583 660 2619 viria
682 2594 719 2620 et
742 2583 816 2619 foe·
894 2584 1048 2621 modum
1069 2594 1228 2631 portum,
1261 2584 1352 2620 hinc
1383 2585 1575 2632 metapho-

44 2678 71 2693 1
134 2633 251 2671 buinio
293 2649 490 2673 commune
532 2651 627 2681 erat,
666 2640 727 2678 sed
760 2657 818 2678 me
893 2643 969 2677 rice
990 2641 1176 2681 inficetus,
1214 2641 1473 2678 incommodus
1503 2652 1573 2676 etc.

14 2715 17 2726 2
45 2710 66 2747 3
143 2694 279 2739 Castor
298 2692 396 2731 solae
411 2695 614 2738 foeminae,
648 2713 705 2735 me
722 2701 816 2735 Her·-
896 2698 977 2733 Cic.
999 2698 1210 2745 deamicit.
1235 2712 1264 2733 ι.
1288 2708 1341 2742 ¹5.
1376 2703 1495 2736 miror
1525 2701 1574 2735 il-

44 2759 70 2786 ⁶.
141 2751 224 2787 eale
242 2749 307 2788 soli
326 2752 391 2790 viri
421 2752 605 2791 dicebant.
632 2755 731 2793 Gen.
751 2756 817 2793 XI.
894 2758 936 2794 la
959 2757 1138 2804 superbia
1167 2767 1204 2794 et
1228 2759 1515 2804 importunitate
1533 2755 1574 2802 fi
