1760 3086
156 263 328 320 fequis,
367 262 572 305 Athenas
604 261 903 310 devenerunt,
943 261 1137 318 falsoque
1172 259 1406 310 Pasfibula,
1448 273 1560 317 quae

146 341 203 387 ¹et
226 332 506 391 Glycerium,
543 330 805 373 credebatur
833 331 958 375 soror
988 331 1070 373 esse
1096 330 1322 391 Chrysidis
1344 331 1402 373 ob
1425 333 1560 372 maxi-

115 435 118 439 .
157 416 277 443 mam
307 401 667 444 familiaritatem.
746 398 837 442 Illis
873 415 1046 456 quoque
1076 401 1232 444 diebus
1265 410 1310 443 et
1340 398 1560 443 Chremes

157 470 358 514 reversus
380 468 441 511 est
462 476 590 525 pater
610 465 848 510 Pasfibulae
870 483 971 511 cum
995 469 1077 511 alia
1096 468 1183 512 filia
1204 467 1466 512 Philumena
1486 482 1562 512 no·

156 542 349 582 minata..
404 539 621 578 Attamen
665 551 766 577 cum
798 535 922 580 fimul
950 552 1039 579 una
1071 542 1118 580 in
1148 540 1262 579 urbe
1294 537 1562 586 habitarent,

158 605 376 649 Chremes
400 614 443 648 et
463 603 550 647 filia
573 607 674 668 eius*
689 603 920 654 Pasfibula,
950 615 1060 660 quae
1082 614 1127 647 et
1148 606 1404 666 Glycerium
1435 621 1458 648 a
1487 620 1564 648 ne·

156 678 279 716 mine
300 673 642 732 agnoscebatur,
674 673 795 728 quod
815 672 902 714 filia
927 677 1023 716 eius
1045 673 1165 716 esset.
1207 674 1328 718 ,Non
1347 678 1467 716 enim
1496 689 1564 718 re-

158 743 455 800 cognoscebat
486 742 632 798 illam,
695 743 905 796 quoniam
949 741 1193 784 admodum
1231 742 1416 800 parvula
1454 752 1564 792 erat,

159 813 336 870 quando
357 810 450 869 ipse
479 813 532 853 ab
552 806 757 853 Athenis
793 810 1074 867 demigravit.
1135 809 1238 869 Quo
1268 819 1476 868 tempore
1495 811 1566 855 Si-

157 896 232 922 mo
265 881 442 935 quidam
470 876 758 922 Atheniensis
798 878 1071 936 desponsavit
1098 876 1188 920 filio
1224 878 1300 921 suo
1331 877 1564 936 Pamphilo

157 947 293 991 filiam
319 949 573 992 Chremetis
595 939 918 990 Philumenam.
987 947 1081 991 Sed
1105 949 1213 991 dum
1240 962 1345 989 cum
1375 947 1471 990 aliis
1502 951 1567 991 iu-

151 1021 346 1063 venibus
369 1017 627 1074 Pamphilus
650 1016 705 1057 ad
725 1015 909 1058 domum
934 1016 1161 1078 Chrysidis
1189 1020 1440 1059 meretricis
1462 1032 1568 1060 con-

159 1095 384 1134 curreret,
427 1102 518 1128 non
547 1093 735 1143 propter
773 1085 923 1141 ipsam,
961 1085 1032 1127 sed
1062 1094 1248 1143 propter
1281 1086 1568 1144 Glycerium,

159 1170 270 1211 quae
289 1155 395 1197 falso
419 1153 542 1196 soror
564 1153 792 1212 Chrysidis
814 1155 1094 1203 credebatur,
1122 1158 1309 1196 nimium
1330 1159 1469 1199 iratus
1495 1171 1570 1214 pa·

158 1234 229 1267 ter
273 1228 367 1266 eius
402 1222 555 1271 Simo,
602 1221 820 1264 .fimulavit
856 1222 898 1265 se
937 1223 1050 1266 velle
1083 1227 1260 1280 nuptias
1295 1225 1568 1275 accelerare,

157 1293 394 1346 statuitque
439 1291 557 1332 diem
600 1293 881 1347 nuptiarum,
922 1291 1100 1346 quando
1143 1289 1259 1333 filius
1300 1297 1393 1336 eius
1433 1292 1568 1336 filiam

160 1361 417 1406 Chremetis
441 1359 764 1407 Philumenam,
785 1374 915 1413 quam
938 1364 977 1401 ei
998 1359 1343 1417 desponsaverat,
1365 1361 1568 1412 duceret,

159 1429 252 1473 filio
281 1438 429 1472 totum
459 1432 721 1485 ignorante,
754 1428 910 1470 volens
938 1430 1159 1486 probare,
1200 1428 1229 1470 fi
1255 1445 1412 1472 verum
1447 1429 1567 1480 esset,

161 1499 281 1555 quod
309 1499 365 1540 de
394 1497 487 1539 filio
513 1497 743 1545 audiebat,
787 1497 893 1538 dum
912 1497 986 1538 ille
1009 1506 1083 1539 aut
1103 1497 1327 1555 sperneret
1348 1497 1569 1542 Philume-

158 1583 262 1611 nam
293 1575 479 1625 propter
511 1564 708 1608 scortum
753 1580 864 1621 quae
912 1567 1146 1609 dicebatur
1194 1561 1454 1627 Glycerium
1494 1577 1582 1612 aut:¹

161 1641 295 1679 etiam
319 1636 520 1677 duceret.
579 1633 784 1676 Habebat
805 1642 956 1677 autem'
982 1636 1194 1678 libertum
1225 1636 1351 1678 suum
1385 1642 1570 1680 nomine

150 1705 335 1750 ·Sos1am
359 1713 421 1750 ,et
461 1704 633 1747 servum
667 1703 867 1751 Davum,
916 1719 1106 1758 quorum
1139 1703 1319 1750 consilio
1357 1707 1570 1749 credebat

160 1773 301 1819 filium
324 1787 470 1815 amare
504 1771 762 1829 Glycerium
795 1780 838 1812 et
871 1772 978 1813 dum
1003 1777 1065 1814 eis
1099 1772 1436 1824 manifestasset,
1481 1781 1572 1832 qui-

160 1843 265 1885 dam
293 1845 567 1884 renuntiavit
600 1844 748 1882 omnia
774 1840 1005 1898 Pamphilo
1034 1840 1123 1883 filio
1156 1841 1272 1884 illus.
1313 1887 1318 1893 ,
1347 1843 1438 1903 Qui
1469 1850 1570 1900 quia

159 1911 293 1953 fidem
319 1906 510 1952 habebat
528 1909 782 1967 promissam
814 1910 1046 1969 Glycerio,
1085 1913 1251 1954 iuravit
1281 1910 1403 1953 nullo
1430 1915 1579 1957 modo·

162 1993 260 2021 eam
281 1979 524 2020 dimittere.
585 1976 721 2020 Tunc
743 1978 899 2022 Davus
925 1978 1200 2022 astutisfimus
1234 1979 1358 2021 dedit
1387 1985 1428 2023 ei
1466 1998 1571 2025 con-

162 2048 326 2097 filium,
367 2056 584 2102 quatenus
614 2051 914 2106 interrogatus
948 2063 970 2090 a
992 2058 1118 2105 patre
1143 2046 1354 2096 Simone,
1385 2048 1413 2090 fi
1437 2050 1572 2093 vellet

161 2116 471 2179 Philumenam
506 2117 694 2164 ducere,
717 2127 808 2158 non
829 2122 1123 2181 repugnaret,
1153 2116 1227 2158 sed
1261 2116 1302 2158 se
1333 2117 1446 2160 velle
1469 2121 1573 2162 ebe-

162 2186 259 2227 dire
291 2186 485 2234 diceret,
517 2184 661 2240 sicque
693 2185 868 2228 delusus
897 2195 1026 2243 pater
1044 2185 1339 2243 *prolongaret
1361 2185 1473 2243 ipsas
1494 2204 1572 2230 nu-

160 2259 301 2312 ptias,
341 2254 484 2308 ficque
513 2255 633 2296 fecit.
692 2253 787 2298 Sed
813 2255 1031 2298 Chremes
1063 2263 1114 2297 ut
1140 2255 1257 2298 ,vidit
1285 2263 1440 2298 natum
1469 2271 1574 2314 pue-

104 2315 106 2318 *
162 2322 306 2364 rulum
330 2337 386 2364 ex
399 2322 859 2382 Glycerio,.recusavit
881 2328 1056 2380 nuptias
1078 2327 1287 2381 ignorans
1311 2323 1572 2384 Glycerium

163 2388 296 2432 filiam
322 2390 404 2432 esse
440 2391 573 2432 suam.
635 2391 769 2435 Tunc
801 2397 1014 2450 temporis
1048 2393 1299 2450 supervenit
1325 2393 1378 2434 ab
1408 2393 1570 2436 Andro

161 2463 230 2502 vir
252 2464 433 2501 nomine
455 2461 610 2509 Crito,
641 2461 859 2518 cognatus
882 2466 1022 2519 patris
1046 2461 1274 2520 Chrysidis
1306 2470 1438 2515 atque
1462 2462 1571 2504 dum

148 2532 283 2570 inter
304 2527 540 2570 Simonem
572 2538 615 2570 et
637 2529 926 2572 Chremetem
949 2529 1316 2587 Pamphilumque
1340 2531 1570 2573 altercatio

158 2597 290 2645 esset,
335 2600 609 2653 nimiumque
643 2598 770 2641 Simo
799 2603 937 2641 iratus
967 2599 1071 2641 esset
1102 2598 1192 2641 filio
1225 2599 1298 2640 suo
1325 2598 1572 2656 Pamphilo,

165 2667 346 2711 advenit
367 2666 494 2710 Crito
509 2666 714 2711 Andrius
741 2675 786 2710 et
806 2668 997 2717 edocuit,
1021 2668 1099 2710 ista
1120 2672 1269 2711 omnia
1288 2668 1486 2726 superius
1510 2669 1571 2710 di-
