1780 3100
279 176 344 227 50

832 172 1134 222 ANDRIA.

279 313 418 358 Itane
450 306 693 356 obstinate
728 322 943 372 operam*
965 305 1071 363 dat,
1102 307 1164 368 44)
1209 317 1268 354 ut
1291 321 1372 353 me
1393 300 1434 353 'a
1458 298 1695 367 Glycerio

636 374 863 421 miserum
884 372 1165 422 abstrahat?

280 440 431 511 Quod
459 439 493 488 fi
526 438 605 498 fit,
637 458 791 507 pereo
819 441 1055 489 funditus.

211 532 262 562 ιο
277 510 454 559 Adeon
477 511 538 569 45)
578 507 829 557 hominem
859 508 952 555 esse
990 508 1298 556 invenustum
1330 518 1419 554 aut
1446 500 1694 554 infelicem

637 592 946 641 quemquam
974 573 1037 634 46)
1078 588 1138 622 ut
1157 592 1247 640 ego
1282 575 1419 623 sum?
1553 566 1555 570 ’

277 647 376 693 Pro
405 645 468 703 47)
501 644 666 691 Deum
702 659 856 708 atque
895 641 1156 690 hominum
1196 640 1360 689 fidem.

277 708 468 761 Nullon
490 726 583 775 ego
601 708 871 757 Chremetis
893 721 1045 774 pacto
1073 706 1365 757 affinitatem
1385 709 1447 769 48)
1480 705 1696 774 effugere

634 790 814 842 potero
825 779 847 822 ’ἓ

279 849 420 911 Quot
444 843 608 894 modis
639 855 940 900 contemtus,
969 844 1030 904 49)
1066 843 1267 908 spretus.
1301 841 1445 901 facta,
1475 853 1697 891 transac-

641 924 694 960 ta
718 911 912 968 omnia3
955 909 1092 969 hem;

340 1038 406 1084 44)
430 1048 531 1085 pater
549 1049 651 1072 meus
697 1037 763 1082 45)
788 1048 852 1082 pro
872 1034 963 1070 adeo
982 1049 1039 1075 ne,
1064 1048 1151 1069 num
1173 1033 1263 1082 quid
1282 1033 1321 1068 in
1343 1042 1484 1068 tantum
1531 1033 1598 1080 46)
1616 1045 1701 1068 con-

388 1094 457 1130 stat
478 1092 547 1128 elle
592 1093 658 1140 47)
688 1091 903 1127 exclamatio
949 1092 1015 1139 48)
1039 1092 1350 1140 propinquitatem
1403 1090 1468 1137 49)
1494 1102 1559 1137 ego
1580 1090 1656 1126 lum
1679 1103 1701 1125 a

390 1150 598 1187 Chremete.

283 1288 364 1311 rum
388 1274 542 1310 formam
579 1272 754 1308 habentia
783 1271 952 1318 ancipitis

283 1331 446 1367 notionis
472 1329 553 1365 sunt
581 1339 616 1364 et
644 1328 756 1363 modo
776 1328 956 1363 affirman-

286 1387 347 1429 di,
373 1387 486 1423 modo
515 1385 674 1431 negandi
699 1385 770 1419 vim
799 1384 955 1419 habent:

284 1444 468 1480 eiusmodi
484 1442 565 1478 sunt
591 1446 772 1481 incertus,
804 1442 956 1489 inquisi-

286 1514 368 1542 tus,
393 1503 574 1548 inpressas
593 1510 627 1534 et
649 1498 747 1546 quod
767 1497 828 1532 hic
845 1497 956 1531 habe-

286 1571 367 1594 mus
387 1562 615 1596 immutatus.
636 1568 664 1588 v.
679 1555 816 1589 Duker.
841 1553 885 1589 de
907 1554 957 1588 la-

285 1615 354 1651 tin.
373 1627 479 1652 veter.
498 1610 687 1649 Iuriscons.
708 1623 742 1657 p.
764 1619 843 1655 372.

336 1684 391 1706 xo.
417 1673 539 1707 adeon
558 1669 738 1704 hominem
769 1670 836 1714 effi!
853 1670 958 1704 inve-

284 1728 458 1775 nustum]
504 1726 609 1761 hicce
637 1724 834 1759 infinitivus
863 1723 959 1758 nihil

288 1784 419 1824 habet,
454 1796 474 1817 a
503 1797 574 1830 quo
600 1781 779 1830 pendeat.
820 1780 882 1816 l'ed
911 1780 959 1814 [ic

288 1852 423 1876 veteres
445 1840 613 1875 infinitiv.
636 1838 688 1873 uti
707 1836 822 1872 [olent
839 1836 875 1869 in
899 1835 960 1869 ad-

288 1897 545 1938 mirationibus
564 1906 598 1931 et
629 1892 957 1938 indignationibus,

289 1954 597 2000 subintelligentes
638 1951 867 1988 mirandum.
907 1951 958 1994 eft

287 2006 508 2049 incredibili·
536 2020 597 2044 aut
632 2009 703 2043 tale
731 2005 831 2054 quid.
864 2004 958 2039 inira

289 2068 354 2104 IV.
374 2076 408 2110 3.
443 2079 472 2101 1.
506 2066 646 2103 nihilne
673 2066 740 2110 esse
763 2064 958 2107 propr-ium

290 2127 462 2174 cuiquam
478 2123 525 2158 V.
547 2135 581 2157 2.
601 2133 656 2166 29.
684 2132 829 2155 tantum
853 2120 958 2154 labo·

288 2195 366 2218 rem
385 2193 513 2225 capere
528 2179 575 2229 ob
586 2177 848 2221 talemfilium.
873 2175 960 2209 Sue-

289 2247 375 2274 tom
392 2233 493 2271 Caes.
521 2247 551 2268 c.
583 2241 639 2277 84.
668 2246 773 2268 mane
795 2234 959 2278 servasse

291 2307 333 2332 ut
367 2296 475 2341 eJJ'e'me
510 2293 575 2340 qui
608 2303 664 2325 me
692 2290 889 2333 perderent
928 2299 961 2320 ν.

291 2351 458 2386 Gronov.
479 2346 611 2382 observ.
633 2347 678 2381 11.
704 2352 756 2388 ι4.
778 2345 905 2379 Graev.
919 2343 959 2377 in

292 2407 374 2456 Cic.
397 2404 499 2453 epist.
519 2402 565 2438 ad
584 2403 690 2436 Attic.
709 2402 752 2436 ΙΙ.
774 2401 808 2435 6.
836 2398 881 2433 ad
900 2399 960 2432 Ju-

290 2461 372 2500 stin.
392 2463 438 2496 11.
461 2466 513 2504 ¹4·
536 2470 570 2494 et
588 2459 725 2492 Duker.
755 2455 799 2490 ad
818 2456 909 2489 Flor.
928 2455 958 2489 Ι.

293 2531 348 2553 11.
383 2531 420 2565 p.
447 2525 503 2563 98.
532 2517 762 2560 invenustum
797 2512 959 2545 Muretus

291 2575 340 2610 ad
375 2573 415 2618 hv.
443 2572 469 2608 l.
507 2571 664 2618 explicat
701 2568 883 2602 infelicem
920 2567 958 2599 in

290 2643 434 2669 amore.
474 2629 532 2664 cui
560 2641 634 2662 non
661 2627 754 2660 favet
773 2626 897 2659 Venus
920 2624 958 2657 in

288 2700 328 2723 re
345 2684 490 2722 amoris.
537 2683 609 2719 Sed
630 2683 667 2717 in
681 2680 879 2716 universum
903 2692 959 2713 ca-

289 2742 467 2792 piendum
494 2740 544 2777 est
577 2751 645 2788 pro
672 2739 837 2783 infelici,
874 2749 959 2771 con-

1028 1282 1081 1306 tra
1105 1270 1190 1304 felix
1212 1269 1345 1304 dicitur
1363 1267 1555 1304 venustatis
1570 1270 1699 1318 plenus

1029 1328 1065 1362 in
1086 1328 1172 1363 Hec.
1192 1327 1237 1360 V.
1257 1331 1291 1369 4.
1312 1334 1345 1367 8.
1393 1325 1585 1373 Loquendi
1606 1331 1698 1363 ratio

1031 1384 1136 1419 ducta
1160 1382 1209 1418 est
1229 1395 1248 1417 a
1267 1382 1420 1418 talorum
1439 1381 1539 1422 ludo,
1561 1383 1598 1417 in
1624 1397 1699 1431 quo

1030 1439 1251 1475 felicissimus
1272 1439 1385 1474 iactus
1413 1444 1554 1479 Venus,
1582 1440 1701 1475 infeli-

1032 1496 1188 1532 cisfimus
1216 1500 1323 1532 canis
1355 1495 1554 1530 dicebatur.
1584 1508 1614 1530 v·
1646 1497 1701 1532 in-

1031 1564 1175 1600 terpret.
1204 1552 1249 1587 ad
1276 1553 1373 1589 Suet.
1399 1554 1488 1598 Aug.
1519 1565 1549 1591 c.
1580 1565 1635 1598 7¹·
1665 1565 1701 1590 et

1032 1607 1179 1644 Salmas.
1206 1609 1244 1643 iu
1274 1608 1454 1643 exercitat.
1484 1609 1640 1645 Plinian.
1663 1624 1701 1659 p.

1033 1678 1113 1713 929.
1398 1660 1411 1674 '

1082 1733 1134 1755 ¹2.
1155 1720 1403 1764 affinitatem]
1428 1722 1605 1766 affinitas
1624 1724 1702 1770 qui-

1036 1777 1116 1812 dem
1137 1778 1175 1811 in
1195 1789 1324 1821 genere
1344 1775 1393 1810 est
1413 1777 1623 1814 coniunctio
1648 1793 1703 1815 ra-

1033 1835 1135 1870 tione
1154 1833 1380 1879 nuptiarum,
1423 1832 1483 1867 sed
1500 1847 1563 1881 per
1589 1838 1703 1872 excel-

1033 1890 1183 1925 lentiam
1208 1888 1255 1923 fic
1282 1887 1415 1923 dicitur
1443 1889 1488 1924 de
1516 1892 1702 1928 neceffitu-

1035 1947 1119 1981 dine
1146 1946 1239 1980 inter
1267 1944 1427 1980 {ocerum
1457 1957 1491 1980 et
1519 1959 1702 1992 generum.

1032 2003 1158 2038 Justin.
1189 2002 1270 2035 VII.
1301 2010 1333 2044 3.
1356 2004 1533 2047 depositis
1559 2005 1703 2052 hostili·

1033 2062 1101 2096 bus
1130 2060 1269 2094 animis
1296 2060 1337 2093 ἰη.
1375 2059 1588 2103 affinitatis
1615 2066 1702 2098 iura

1023 2117 1202 2163 succedit.
1237 2116 1367 2148 Joann.
1412 2115 1616 2164 Schulting.
1654 2120 1702 2154 ad

1032 2173 1116 2207 Sen.
1139 2181 1299 2207 controv,
1319 2183 1353 2217 p.
1373 2164 1453 2214 3²4²·

1083 2236 1135 2269 13,
1170 2238 1371 2263 contemtus
1387 2229 1563 2274 spretus]
1618 2230 1702 2277 'plus

1035 2284 1083 2318 est
1092 2287 1244 2342 sp'retus
1265 2296 1371 2330 quam
1392 2296 1617 2328 contemtus;
1638 2286 1703 2321 ha-

1034 2340 1096 2375 bet
1125 2340 1221 2374 enim
1251 2339 1438 2374 fortiorem
1474 2340 1704 2386 significatio-

1033 2410 1130 2431 nem.
1166 2410 1197 2431 ν.
1221 2395 1426 2431 Broukhul.
1466 2396 1514 2431 ad
1558 2399 1701 2435 Tibulli

1034 2454 1133 2498 Eleg.
1153 2455 1182 2488 Ι.
1214 2458 1248 2497 4.
1269 2465 1324 2498 77.

1068 2513 1185 2556 facea
1216 2520 1410 2545 transacta
1435 2510 1586 2555 omnia]
1631 2510 1703 2546 for·

1034 2567 1131 2599 mula
1162 2565 1415 2601 iureconsultis
1443 2566 1591 2606 ulitata,
1629 2581 1701 2615 qua

1033 2622 1282 2666 fignificabant
1303 2622 1416 2660 nihil,
1443 2621 1542 2670 quod
1569 2623 1614 2656 ad
1640 2636 1703 2658 ne-

1034 2677 1121 2723 gotii
1172 2678 1424 2712 tractationem
1485 2678 1700 2725 pertinebat,

1033 2733 1315 2781 praetermissum
1360 2733 1449 2774 elle,
1496 2735 1599 2772 finita
1631 2734 1701 2772 esse
