1812 3100
306 190 401 249 154
791 186 1213 239 EUNUCHUS.

299 320 417 377 apud
451 318 674 376 Megalem
717 321 942 361 civitatem
983 317 1196 361 Graeciae
1227 319 1273 358 in
1319 313 1543 359 honorem
1580 315 1701 361 Iovis

299 387 515 445 Olimpici
552 387 773 442 essentque
805 388 920 445 apud
951 386 1177 430 Romanos
1207 384 1372 428 aediles
1405 372 1580 429 curules
1616 385 1709 435 isti,

298 460 482 497 recitata
526 456 588 497 est
613 471 771 514 graeca
818 455 966 499 fabula
1009 455 1250 498 Menandri
1294 453 1412 512 apud
1460 453 1700 512 Megalem.

297 525 443 581 Egere
471 522 516 566 id
549 523 611 566 est
647 514 854 568 fecerunt
883 524 955 568 vel
984 523 1416 567 amministraverunt
1447 521 1546 566 hos'
1569 522 1701 565 ludos
1773 515 1781 542 ‚¹

296 592 571 651 Megalenses
599 597 645 636 in
675 594 885 641 Graecia,
928 593 1104 648 quando
1137 592 1218 634 ista
1248 591 1395 634 fabula
1424 602 1584 649 graeca
1609 590 1704 633 Me-

296 663 460 705 nandri
482 663 538 704 de
565 663 773 706 eunucho
801 666 986 704 recitata
1015 660 1089 704 est.
1145 660 1385 704 Ambivius
1408 660 1587 718 Turpio
1617 659 1705 703 Lu·
1753 691 1755 693 -

299 735 410 774 cius.
445 729 649 774 Attilius.
687 730 994 773 Praenestinus
1017 730 1437 788 graecaMenandri.
1478 729 1702 788 Superius

297 800 573 858 iungendum
606 800 667 843 est
695 800 825 843 istud.
885 799 1057 842 Graeca
1077 799 1329 841 Menandri.
1360 801 1388 840 i.
1419 802 1483 841 ita
1509 797 1572 840 est
1605 806 1703 841 acta

298 869 722 928 graecaMenandri.
769 868 893 911 Acta
911 868 1099 910 secunda
1122 871 1183 910 ita
1209 866 1270 909 est
1290 866 1581 923 iungendum.
1622 865 1707 910 Se·

299 933 445 982 cunda
465 938 614 981 fabula
636 936 830 980 eunuchi
849 937 923 980 illa
943 936 1165 982 videlicet,
1189 949 1319 990 quam
1335 933 1398 978 -Θ-
1411 935 1479 990 ⁶²)
1499 936 1599 995 post
1608 935 1706 978 Me-

295 1008 520 1051 nandrum
539 1007 680 1049 latino
702 1006 906 1049 sermone
927 1005 1188 1063 composuit.
1237 1002 1358 1047 Acta
1378 1003 1439 1046 est
1449 1007 1478 1046 i.
1493 1018 1531 1046 e.
1552 1007 1704 1046 recita-

295 1086 345 1120 ta
368 1077 431 1120 est
451 1077 621 1124 Marco,
641 1075 838 1123 Valerio,
866 1075 977 1117 Gaio
990 1074 1157 1116 Fannio
1177 1071 1446 1116 consulibus.
1470 1071 1614 1131 Ipsam
1635 1086 1707 1115 ve-

297 1161 352 1189 ro
372 1146 554 1188 latinam
575 1144 767 1187 fabulam
790 1143 1031 1186 modulavit
1044 1143 1226 1184 Flaccus
1251 1141 1522 1201 clauditibiis
1534 1141 1707 1185 duabus

300 1217 490 1257 dextris.
549 1214 684 1274 Quod
717 1214 970 1256 Menander
997 1216 1194 1270 primum
1235 1210 1482 1267 composuit
1509 1209 1706 1254 fabulam

298 1284 503 1327 Andriae
523 1297 685 1342 graeco
707 1282 920 1333 sermone,
953 1281 1114 1324 deinde
1135 1294 1240 1323 vero
1261 1279 1324 1323 ·Θ-
1340 1280 1478 1324 latino
1492 1309 1504 1328 ,
1533 1283 1622 1322 iam
1642 1279 1708 1321 di-

299 1362 422 1396 ctum
440 1352 508 1394 'est
528 1361 571 1394 et
594 1352 714 1408 quod
736 1355 829 1395 eius
850 1354 1063 1394 recitator
1082 1349 1216 1391 fuerit
1238 1347 1502 1406 Calliopius.
1546 1347 1615 1390 At
1636 1362 1708 1391 ve·

297 1437 352 1464 ro
377 1421 632 1464 modulator
657 1425 748 1464 eius
787 1421 1012 1474 comediae
1045 1419 1129 1461 fuit
1156 1417 1342 1460 Flaccus
1379 1420 1576 1475 optimus
1607 1419 1707 1460 tibi-

299 1507 408 1541 cen,
439 1492 558 1533 unde
588 1489 660 1533 hic
680 1491 856 1535 ,dicitur
884 1489 1000 1531 hanc
1034 1486 1230 1530 fabulam
1265 1485 1505 1528 modulasse
1534 1486 1704 1529 duabus

281 1562 474 1604 ‘dextris
505 1563 624 1602 tibiis
661 1559 820 1602 claudi.
891 1557 1112 1600 Claudum
1141 1549 1292 1608 autem
1323 1569 1463 1613 genus
1494 1555 1707 1599 tibiarum.

299 1632 389 1680 est,
420 1629 724 1684 inaequalibus
758 1627 909 1670 fistulis
931 1627 1130 1675 factum,
1169 1624 1288 1667 unde
1321 1632 1366 1667 et
1397 1623 1606 1666 claudum
1632 1638 1708 1667 vo-

299 1711 449 1748 catur,
497 1713 550 1740 eo
581 1698 701 1753 quod
733 1695 917 1739 fistulam
949 1694 1109 1737 habeat
1143 1695 1395 1737 breviorem
1431 1696 1480 1735 in
1519 1692 1705 1736 modum

300 1769 460 1811 claudi.
538 1766 738 1808 Dextrae
775 1774 922 1807 autern
963 1766 1096 1806 tibiae
1126 1763 1359 1818 dicuntur,
1406 1765 1614 1816 quoniam
1649 1775 1707 1803 ex

288 1839 463 1880 dextro
500 1850 629 1878 crure
671 1838 792 1892 gruis
827 1833 1096 1886 aliarumque
1135 1835 1283 1874 avium
1318 1830 1527 1874 meliores
1575 1827 1703 1872 fiunt.

299 1908 472 1951 Nlarco.
506 1905 572 1958 ⁶³)
616 1904 792 1947 valerio.
852 1903 962 1944 Gaio
990 1903 1211 1942 nummio.v
1233 1899 1298 1952 ⁶³)
1345 1899 1498 1941 fannio
1523 1899 1705 1942 consuli·

299 1979 401 2019 bus.
468 1974 542 2015 Isti
570 1974 657 2015 duo
679 1981 788 2014 tunc
811 1974 1029 2027 temporis
1058 1956 1333 2011 consulatum'
1367 1968 1585 2024 gerebant
1615 1967 1705 2010 Ro-

300 2059 423 2098 mae,
459 2041 635 2096 quando
658 2040 719 2084 -Θ-
740 2040 912 2082 fabulae
934 2043 1143 2080 recitatae
1173 2036 1272 2078 sunt
1299 2044 1344 2077 et
1373 2044 1478 2077 nota
1499 2051 1544 2093 p.
1567 2050 1607 2078 c.
1633 2036 1704 2091 ⁶⁴)

301 2112 534 2156 comoedia
555 2110 633 2152 ista
654 2109 887 2157 eunuchus
911 2108 1171 2165 appellatur,
1193 2120 1246 2147 eo
1268 2103 1389 2159 quod
1411 2107 1642 2146 contineat
1657 2107 1705 2146 in

299 2181 342 2225 se
364 2179 558 2224 fabulam
581 2178 786 2227 eunuchi,
816 2177 934 2220 unde
961 2186 1004 2219 et
1024 2176 1098 2219 sub
1119 2176 1333 2217 feminino
1353 2186 1518 2228 genere
1536 2173 1706 2231 profer·

299 2260 389 2301 tur,
408 2250 515 2292 teste
533 2248 733 2298 Donato,
761 2249 829 2303 ⁶⁵)
860 2247 1066 2303 quoniam
1086 2243 1140 2285 ad
1164 2242 1411 2286 comediam
1437 2242 1646 2286 refertur.

355 2412 416 2452 62)
459 2409 713 2455 compendium
739 2407 928 2454 scribendi
959 2420 1026 2450 pro
1052 2404 1244 2440 Terentius
1317 2403 1381 2448 63)
1423 2403 1630 2448 tollendum
1657 2405 1707 2446 efi
1760 2419 1766 2426 x

399 2467 549 2513 signum.
568 2467 818 2511 distinctionis
834 2466 914 2510 post
930 2465 1080 2499 nomina
1099 2462 1225 2496 Marco
1240 2473 1276 2497 ec
1293 2460 1471 2496 Nummio
1484 2486 1494 2499 ,
1538 2474 1608 2505 pro
1635 2473 1706 2507 quo

394 2524 630 2572 scribendum
645 2522 696 2566 est
714 2519 893 2556 Mummio
942 2518 1007 2564 64)
1024 2519 1171 2565 explico
1192 2530 1254 2564 per
1268 2515 1525 2563 compendium
1558 2515 1617 2558 65)
1631 2516 1709 2549 Do·

403 2594 516 2618 naeus
542 2581 637 2615 enim
667 2590 875 2625 quanquam
901 2578 941 2612 in
967 2578 1125 2621 prologo
1154 2576 1210 2610 aie
1239 2573 1291 2619 (v.
1311 2572 1397 2608 edit.
1420 2573 1533 2607 zeun.
1552 2584 1587 2618 p.
1609 2572 1707 2616 257.)

406 2637 503 2672 lianc
531 2634 725 2670 masculini
753 2633 890 2679 generis
911 2631 1059 2666 nomine
1090 2640 1334 2677 nuncupatam
1353 2627 1421 2664 ess'e
1449 2626 1626 2666 fabulam,
1651 2639 1708 2663 ta·

403 2708 483 2731 men
503 2696 543 2728 in
559 2694 642 2737 fine
660 2693 752 2727 dicit
776 2691 867 2724 haee
886 2689 1082 2725 Eunuchus
1101 2686 1320 2723 Terentiana
1338 2684 1467 2733 scripta
1484 2683 1636 2732 alisque
1654 2698 1709 2721 re·

398 2753 527 2799 fincxit
556 2761 688 2787 auctor
706 2750 841 2796 noster.
