1812 3100
492 199 498 207 2
557 182 711 225 -Αοτ,
757 180 789 227 Ι.

874 178 1051 228 Scan.
1085 183 1127 228 1.
1179 177 1221 199 ⁸*
1467 181 1562 229 281

134 310 465 370 Conturbat0‚
491 308 532 375 *)
564 323 722 380 atque
751 313 962 372 incerto,
983 310 1048 374 66)
1086 330 1209 380 prae
1241 312 1567 379 aegritudine,

136 379 315 430 Affido.
347 393 623 429 accurrunt
644 381 800 440 servi,
835 382 1008 431 soccos
1043 381 1332 431 detrahunt.

135 449 295 497 Video'
318 446 446 498 alios
475 448 729 507 festinare,
764 448 924 498 lectos
953 451 1208 507 sternere,-

133 518 351 565 Caenam
373 533 566 583 parare.
589 518 639 577 *)'
698 517 795 566 Pro
818 519 863 566 se
883 517 944 577 67)
977 519 1201 585 quisque
1228 516 1395 568 sedulo

43 592 114 647 ,75
127 582 378 649 Faciebat,
397 583 460 640 68)
491 603 598 652 quo
620 582 684 646 69)
719 585 853 635 illam
887 585 1008 634 mihi
1031 585 1247 635 lenirent
1278 588 1531 637 miseriam.

36 652 37 655 ’
133 651 259 701 Ubi.
286 652 390 710 vidi
436 651 585 711 haec,
646 656 794 722 coepi
834 655 1080 721 cogitare,
1132 654 1244 704 hem
1278 656 1345 715 7⁰)
1393 669 1471 705 tot
1502 661 1564 718 7¹)

487 739 601 770 mea
621 728 682 784 72)

126 785 295 850 Solius
320 787 515 850 solliciti
538 790 652 840 sunt
673 791 834 849 causa,
859 803 918 840 ut
938 808 1015 839 me
1038 808 1195 839 unum
1221 790 1489 858 expleant?
1502 797 1565 854 73)

122 855 356 906 -Ancillae
388 863 464 907 tot
493 876 570 907 me
592 860 827 916 vestiant,
866 860 1095 926 sumptus
1121 862 1181 920 74)
1218 859 1354 908 domi

19 974 29 986 k*
127 926 329 974 Tantos
366 943 458 991 ego
486 925 618 977 solus
656 928 870 977 faciam?
892 925 956 987 65)
990 927 1071 976 sed
1102 940 1309 992 gnatum
1338 929 1561 989 unicum,

25 986 287 1061 ,80Quem
322 996 514 1062 pariter
534 994 597 1056 76)
631 997 709 1045 uti
735 995 814 1046 his
836 1000 897 1057 77)
934 996 1131 1053 decuit,
1169 1008 1261 1044 aut
1288 996 1440 1045 etiam
1462 1016 1562 1047 am-

485 1063 636 1130 plius,

122 1127 280 1197 Quod
294 1134 354 1192 78)
375 1129 460 1181 illa
487 1147 627 1181 aetas
653 1133 717 1194 79)
739 1132 899 1199 magis
920 1131 984 1182 ad
1007 1131 1133 1182 haec
1157 1133 1348 1182 utenda
1371 1132 1558 1184 idonea

482 1202 562 1259 est,

8 1261 11 1264 ’
120 1267 246 1314 Eum
269 1285 362 1333 ego
384 1265 503 1317 hinc
526 1270 651 1319 eieci
674 1270 850 1318 miseru

857 1287 902 1317 m
929 1269 1174 1318 iniustitia
1201 1287 1325 1328 mea,

120 1334 264 1384 Malo
294 1335 501 1404 quidem
534 1357 611 1387 me
643 1338 846 1404 dignum
874 1338 1059 1404 quovis
1083 1343 1147 1396 8⁰)
1189 1335 1449 1404 deputem,

120 1403 173 1455 Si
193 1401 247 1452 id
264 1401 445 1453 faciam
467 1410 528 1467 8¹)
570 1424 687 1455 nam
709 1424 878 1474 usque
899 1412 959 1468 8²)
998 1405 1220 1456 dumille
1243 1407 1397 1456 vitam
1417 1405 1554 1457 illam

484 1474 619 1523 colet

0 1552 1 1594 ὲ
49 1542 339 1605 851nopern,
359 1543 420 1600 83)
466 1559 644 1591 carens
674 1543 835 1609 patria
868 1540 934 1591 ob
966 1559 1103 1591 meas
1135 1543 1362 1592 iniurias.
1396 1547 1436 1605 *)

120 1611 315 1657 Interea
343 1626 510 1677 usque
535 1614 595 1674 84)
628 1609 699 1659 illi
731 1611 792 1659 de
826 1629 905 1659 me
936 1610 1236 1678 supplicium
1271 1610 1418 1670 dabo,

178 1727 210 1779 Ἴ)
233 1730 327 1766 edic.
347 1729 555 1778 perturbato
601 1733 661 1774 66)
688 1732 801 1768 dubio
849 1734 884 1779 ⁴¹)
905 1736 996 1770 edic.
1021 1744 1194 1780 apparare
1212 1745 1248 1770 et
1264 1736 1327 1781 sic
1347 1748 1444 1771 nunc
1464 1738 1558 1798 MS>

204 1786 290 1832 .67)
310 1799 376 1834 pro
399 1788 532 1825 viribus
555 1787 625 1824 suis
662 1790 728 1836 68)
745 1788 918 1825 serviebat
951 1790 1016 1836 69)
1039 1800 1077 1825 ut
1114 1795 1173 1835 7ο)
1199 1791 1377 1837 gementis
1422 1796 1480 1836 7¹)
1503 1793 1555 1828 fa-

228 1843 321 1878 muli
369 1846 430 1891 72)
467 1856 614 1894 propter
643 1859 701 1881 me
774 1848 838 1892 73)
864 1847 954 1881 mihi
984 1846 1066 1882 satis
1097 1848 1233 1883 faciant
1281 1848 1344 1895 74)
1382 1851 1553 1898 expensas

225 1901 290 1948 75)
313 1901 516 1949 expendam

567 1904 630 1949 76)
657 1917 798 1939 mecum
849 1906 912 1952 77)
939 1905 1044 1940 bonis
1103 1907 1167 1952 78)
1190 1919 1233 1940 eo
1254 1907 1354 1954 quod
1412 1909 1474 1954 79)
1502 1910 1557 1944 iu·

225 1958 356 1994 venilia
404 1966 463 2002 80)
490 1960 658 2008 quolibet
702 1963 767 2008 8¹)
792 1961 817 1996 fi
836 1962 1057 2009 requiescam
1113 1963 1177 2009 82)
1205 1964 1343 2011 semper
1399 1968 1464 2012 83)
1490 1967 1559 2001 mi-

222 2015 350 2054 leram.
376 2016 430 2052 vel
454 2017 526 2053 vita
548 2019 706 2056 militum
729 2020 836 2066 inops
858 2020 908 2055 est
954 2021 1020 2067 84)
1046 2019 1184 2068 semper

167 2123 225 2165 74.
248 2122 370 2166 profi
390 2120 567 2169 quisque]
601 2121 625 2155 i.
647 2135 678 2156 e.
703 2124 800 2171 quis·

122 2189 194 2223 que
218 2187 396 2223 quantum
422 2187 574 2222 poterat.
598 2179 677 2218 Cic,
698 2182 798 2216 verr.

121 2233 151 2268 1.
174 2244 230 2279 27.
252 2245 285 2267 v.
307 2234 419 2278 Lang.
450 2233 495 2267 ad
518 2235 598 2269 Cic.
621 2236 667 2271 de
687 2237 796 2273 Offie.

118 2290 183 2325 111.
219 2295 272 2335 14.
328 2291 492 2338 Quisque
522 2292 632 2327 etiam
662 2304 701 2329 ut
728 2294 800 2329 col-

120 2345 294 2382 lectivum
333 2356 429 2381 recte
461 2347 622 2394 iungitur
651 2351 797 2398 plurali.

118 2415 155 2440 v.
177 2403 316 2438 Fabric.
348 2403 394 2438 ad
420 2402 460 2438 h.
490 2404 518 2440 l.
552 2416 587 2441 et
606 2407 796 2444 Drakenb-

121 2458 168 2495 ad
185 2460 263 2496 Liv.
284 2461 331 2494 11.
353 2471 408 2494 22.

166 2529 223 2564 77.
249 2531 328 2554 mea
339 2519 463 2564 solius
483 2522 616 2565 confir]
656 2519 799 2565 elegan-

118 2582 174 2608 ter
203 2586 269 2620 pro
300 2576 373 2610 mei
391 2577 512 2620 Jblius
542 2580 659 2623 eausa.
680 2577 797 2613 num.

119 2630 214 2676 Lup.
235 2630 264 2668 Ι.
291 2639 346 2673 25.
377 2634 488 2667 unlus
506 2645 622 2677 opera
650 2646 739 2667 men.
765 2647 797 2669 v.

122 2685 288 2719 Gronov.
329 2685 374 2721 ad
401 2689 529 2722 Senec.
567 2689 668 2736 epist.
698 2691 796 2727 xm.

122 2753 157 2777 et
181 2742 296 2776 Drak.
322 2744 367 2778 ad
387 2746 464 2780 Liv.
487 2746 566 2779 vu.
587 2752 644 2789 4ο.

159 2800 346 2845 fhlliciei]
395 2802 418 2839 i.
441 2816 470 2839 e.
493 2802 662 2850 occupati
686 2813 726 2839 ut
746 2804 800 2840 in·

876 2122 929 2158 fra
957 2124 1020 2158 111.
1055 2135 1086 2157 ι.
1124 2131 1181 2166 52.
1210 2138 1336 2161 omnes
1363 2128 1555 2174 Jbllicicos

874 2181 1001 2217 babui-

923 2250 964 2275 ιιι
983 2252 1037 2273 me
1054 2238 1264 2283 expleant]
1312 2241 1465 2284 explere
1482 2243 1555 2277 ali-

876 2311 979 2343 quem
998 2294 1174 2339 fignificat
1195 2294 1409 2332 satisfacere
1428 2298 1550 2333 alicui.

876 2353 956 2388 Cic.
980 2352 1025 2386 ad
1052 2352 1136 2385 Div.
1159 2353 1203 2388 11.
1228 2365 1257 2386 ι.

923 2417 978 2454 78.
1003 2411 1167 2444 ancillae
1185 2424 1240 2445 me
1258 2411 1439 2456 vestiant]
1475 2411 1499 2445 i.
1521 2425 1553 2447 e.

876 2477 1078 2513 occupatae
1113 2464 1181 2500 lint
1217 2465 1253 2499 in
1282 2466 1366 2501 lana
1398 2479 1554 2505 tractan-

877 2523 923 2557 da
959 2537 1001 2558 ex
1042 2534 1157 2569 eaque
1194 2521 1288 2557 mihi
1323 2523 1434 2561 vestes
1468 2539 1554 2562 con-

878 2579 1015 2614 ficiunt.

923 2643 979 2679 84.
1006 2638 1130 2672 vitam
1160 2635 1279 2681 colet]
1338 2636 1363 2671 i.
1384 2651 1414 2672 e.
1447 2638 1552 2675 vivet.

877 2693 994 2728 Plaut.
1019 2694 1055 2726 in
1076 2693 1179 2726 Trin.
1200 2694 1250 2727 111
1275 2705 1309 2728 2.
1330 2701 1385 2740 74.
1400 2695 1481 2732 Cic.
1506 2696 1553 2730 ad

877 2751 985 2785 Attic.
1014 2750 1094 2786 XII.
1118 2758 1173 2790 ²8-
1207 2764 1304 2786 nune
1329 2766 1396 2789 nee
1412 2756 1554 2790 victum

857 2851 859 2853 Ι
878 2821 942 2844 nec
959 2811 1079 2844 vitam
1097 2809 1205 2845 illam
1226 2809 1347 2847 colere
1355 2813 1507 2858 postiam.
