1812 3100
235 143 327 192 156
722 139 1142 188 EUNUCHUS.
1211 198 1213 200 ,

226 275 266 313 ei
296 275 426 315 etiam
451 266 753 325 Pamphilam,
789 283 921 324 quam
953 271 1142 312 amabat.
1200 268 1307 312 Mos
1337 268 1400 311 est
1419 272 1540 312 enim
1559 283 1638 327 pu·

226 340 412 382 ellarum
430 352 589 385 ‚curam
611 337 830 381 eunuchis
852 342 1152 387 committere,
1174 337 1247 381 sed
1261 338 1365 393 quid
1380 346 1529 382 actum
1543 337 1634 381 est?

222 410 345 452 Dum
376 412 515 465 igitur
538 406 682 450 Thais
716 407 856 450 milite
877 407 1119 451 Thrasone
1149 398 1338 466 rogante
1372 407 1427 449 ad
1448 407 1633 451 domum

225 481 319 520 eius
341 477 550 534 profecta
571 475 691 524 esset,
711 476 965 520 adolescens
988 476 1124 525 solus,
1146 482 1221 531 qui
1242 492 1324 535 pro
1347 475 1553 521 eunucho
1572 485 1636 519 te·

221 548 438 596 nebatur,
483 549 530 587 in
555 545 712 589 cellula
741 561 843 590 cum
867 545 1097 604 Pamphila
1130 546 1299 604 degens
1330 554 1535 604 optatum
1559 561 1632 588 ex·

219 617 361 674 plevit
380 615 577 672 genium.
651 613 756 674 Quo
777 624 963 672 peracto
987 623 1037 657 ut
1067 615 1225 664 libuit,
1263 615 1409 658 statim
1437 613 1632 674 egressus

221 685 307 734 est,
335 698 540 727 remeans
564 685 619 727 ad
644 688 839 741 propria.
900 683 1036 744 Quod
1058 684 1163 727 dum
1194 688 1398 741 agnitum
1421 684 1527 739 esset
1550 698 1632 743 pet

218 753 447 798 Phithiam
468 753 735 801 ancillulam,
748 768 880 808 quam
901 753 1142 807 reliquerat
1153 754 1298 797 Thais
1318 754 1374 796 ad
1387 753 1635 798 custodien-

218 824 323 865 dam
347 824 558 873 domum,
592 823 668 866 ille
702 822 878 866 vetulus
912 822 1144 866 eunuchus
1177 821 1324 864 adhuc
1357 823 1541 868 indutus
1561 836 1634 874 ve·

216 892 357 935 stibus
381 891 672 935 adolescentis
692 896 738 934 in
764 891 947 934 domum
970 889 1213 934 Phaedriae
1234 891 1408 933 domini
1425 890 1492 946 sui
1512 906 1632 947 cum-

215 960 462 1023 prehensus
485 961 560 1004 est.
621 960 874 1016 Statimque
898 960 1080 1018 flagellis
1110 960 1303 1003 afflictus
1325 959 1549 1003 confessus
1569 960 1637 1022 “⁵st1

217 1031 532 1079 ordinem-rei,
563 1030 684 1085 quod
704 1028 850 1072 adhuc
870 1030 1036 1072 latebat
1055 1029 1336 1073 Phaedriam.
1378 1029 1445 1072 At
1467 1036 1631 1079 cetera,

219 1111 328 1156 quae
354 1099 445 1158 ipse
474 1105 676 1143 comicus
705 1099 988 1142 urbanissime
1018 1099 1196 1149 dilatat,
1238 1099 1460 1155 sequentia
1489 1098 1631 1158 perle-

218 1183 331 1228 gens
355 1169 708 1214 animadvertere
731 1169 888 1223 quibit.
