1812 3100
0 156 9 218 g
524 147 660 194 Αοτ.
707 145 762 192 V.
829 145 1001 194 Sc'mae.
1033 145 1089 191 V.
1386 120 1515 193 ‘255

88 277 394 351 Reliquum?
459 280 597 339 PAR.¹
627 279 849 328 Tantum
870 279 948 328 est.
1028 282 1121 326 LA.
1158 277 1294 328 Cesso
1319 279 1380 338 Ι7)
1413 276 1518 328 huc

438 349 584 396 intro
607 347 929 414 inrumpere?
951 349 989 408 *)
1071 399 1074 403 ,

90 417 227 481 PAR.
258 418 379 472 Non
397 414 615 465 'dubium
637 416 724 472 est,
766 416 892 482 quin
918 415 1040 464 mihi
1069 433 1308 483 magnum
1331 431 1394 464 ex
1422 412 1521 464 hac

116 534 118 536 ,
448 501 503 533 re
534 481 591 532 fit
611 482 813 541 malum,
837 488 893 544 ι8)

88 551 196 615 Nifi
228 555 287 615 ¹9)
316 553 444 620 quia
458 552 649 601 necesse
676 545 771 600 fuit
804 551 900 601 hoc
930 551 1108 602 facere.
1177 550 1231 599 ld
1264 549 1478 618 gaudeo,

91 625 306 692 Propter
326 638 404 671 me
424 621 566 670 hisce
584 619 779 687 aliquid
803 621 895 669 esse
920 634 1218 670 eventurum
1248 619 1378 668 mali.
1405 624 1491 679 ι93)

20 679 225 747 &Nh
281 690 382 740 iam
433 690 526 738 diu
583 687 808 756 aliquam
866 690 1064 739 causam
1123 689 1402 759 quaerebat
1462 688 1525 737 se-

455 775 566 814 nex,
601 761 662 817 ²⁰)

92 825 438 895 Quamobrem
481 824 675 893 aliquid
711 830 771 886 2¹)
822 822 1010 891 infigne
1049 825 1248 876 faceret.
1299 826 1344 875 is
1389 841 1529 874 nunc

457 895 684 962 repperit
701 901 761 956 ²2)

165 1041 409 1101 (Acras
446 1037 503 1089 v,
573 1040 922 1157 Semssfssgss)
986 1024 1283 1090 PYTHIAS.
1325 1036 1468 1086 PAR-

100 1214 197 1262 PY.
229 1215 290 1274 ²3)
322 1213 606 1278 Nunquam
639 1206 818 1276 edepol
848 1209 1128 1276 quicquam
1150 1210 1251 1258 iam
1274 1207 1363 1258 diu
1392 1206 1535 1277 quod

462 1279 619 1342 magis
644 1278 821 1326 vellem
853 1279 1052 1327 evenire

102 1346 230 1397 Mihi
242 1347 418 1398 evenit
438 1365 594 1415 quam
621 1349 685 1406 ²4)
722 1345 862 1414 quod
883 1345 1050 1395 modo.
1071 1348 1110 1409 *)
1180 1348 1341 1395 Senex
1364 1349 1426 1406 ²5)
1460 1346 1535 1393 in·

467 1429 547 1464 tro
572 1416 636 1463 ad
657 1434 752 1464 nos
773 1416 911 1464 venit
930 1432 1117 1463 errans.
1569 1440 1570 1444 =

110 1482 238 1533 Mihi
260 1482 392 1533 solae
410 1482 627 1537 ridiculo
651 1483 759 1543 fuit,
774 1485 863 1543 ²5⁰)
899 1501 1032 1551 quae
1055 1481 1180 1550 quid
1203 1483 1404 1531 timeret
1426 1481 1538 1531 scie·

472 1551 603 1600 bam.

108 1622 244 1670 PAR.
269 1619 418 1688 ›Quid
445 1619 543 1669 hoc
575 1634 745 1670 autem
772 1620 874 1669 est?
948 1622 1042 1669 PY.
1076 1621 1231 1668 Nunc
1259 1617 1312 1666 id
1334 1615 1393 1678 26)
1415 1583 1541 1685 *pro-

473 1687 581 1747 deo,
600 1692 660 1747 27)
698 1703 754 1737 ut
772 1689 1068 1737 conveniam
1086 1694 1144 1747 ²8)
1164 1691 1542 1736 Parmenonem.
1615 1695 1618 1699 ’

41 1755 179 1809 5Sed
198 1755 288 1806 ubi
308 1755 515 1807 obsecro
537 1757 634 1806 est?
654 1766 713 1814 ²9)
758 1759 894 1805 PAR.
931 1761 1016 1805 Me
1039 1757 1240 1823 quaerit
1260 1755 1419 1806 haec?
1450 1756 1543 1804 PY.

475 1833 642 1894 Atque
665 1844 841 1875 eccum
865 1825 1025 1876 video.
1052 1825 1215 1873 adibo.

179 1939 236 1987 1'7.)
264 1935 363 1973 deest
391 1948 454 1972 cur
505 1937 538 1979 ⁴)
562 1938 654 1980 edit.
676 1936 940 1985 introrumpere
1000 1936 1060 1981 ¹8)
1080 1934 1175 1969 mihi
1196 1934 1355 1970 futurum
1406 1935 1468 1981 19)
1494 1935 1546 1970 in-

225 1993 416 2034 evitabile,
461 1994 546 2042 quia
591 1995 695 2030 aliter
737 2008 809 2030 non
858 1993 975 2042 potest
1011 1994 1084 2028 hoc
1124 1993 1220 2033 fieri,
1259 1993 1359 2041 quod
1382 2006 1448 2039 ego
1476 1993 1547 2028 feci

230 2055 318 2098 192)
344 2051 592 2087 meretricibus
658 2057 719 2094 20)
745 2053 884 2088 Laches
952 2054 1014 2091 2¹)
1043 2050 1130 2085 mali
1198 2054 1256 2092 22)
1286 2050 1374 2097 quid
1411 2050 1549 2086 faceret

227 2110 294 2155 23)
312 2107 426 2144 Iussus
443 2111 585 2145 Laches
610 2122 629 2144 a
647 2112 874 2146 Parmenone
896 2107 1035 2156 ingredi
1054 2108 1092 2142 in
1112 2107 1259 2143 domum
1278 2108 1435 2143 Thaidis
1450 2134 1458 2147 ,
1484 2108 1550 2142 ubi

228 2165 383 2214 putabat
404 2165 519 2200 filium
538 2167 701 2202 vinctum
723 2167 855 2207 teneri,
906 2167 995 2202 ficut
1030 2165 1062 2200 ei
1091 2166 1244 2201 mentita
1270 2166 1385 2201 fuerat
1412 2166 1550 2212 Pythia,

231 2233 270 2258 et
301 2223 479 2274 inveniret
506 2236 588 2258 eum
619 2223 842 2271 pacatissime
860 2237 942 2258 cum
964 2222 1111 2259 Thaide
1138 2223 1342 2263 [edentem.
1378 2237 1552 2270 magnum

233 2280 285 2315 eis
305 2280 431 2315 intulit
447 2278 574 2321 risum.
592 2278 747 2329 ¹pulsans
778 2294 865 2329 prae
893 2282 1022 2316 dolore
1050 2280 1115 2315 filii
1153 2291 1187 2316 et
1222 2280 1323 2316 cursu
1349 2292 1478 2330 utpote
1505 2282 1555 2317 le-

234 2350 306 2372 nex
354 2337 418 2383 24)
443 2336 516 2372 hoc
561 2338 598 2383 ⁴¹)
624 2340 719 2374 edic.
741 2354 815 2375 non
841 2340 1001 2387 dzseing.
1033 2343 1116 2387 pose
1154 2339 1266 2374 modo
1313 2340 1378 2385 25)
1415 2339 1553 2375 Laches

233 2403 279 2438 25
290 2397 325 2436 a)
351 2394 425 2429 hoc
471 2396 537 2442 26)
563 2395 651 2431 ideo
694 2401 756 2442 ²7)
782 2410 871 2432 exeo
919 2399 980 2443 28)
1000 2398 1171 2445 alloquar
1217 2397 1282 2443 29)
1308 2399 1499 2433 Parmeno.

178 2533 238 2569 3⁰.
262 2529 412 2573 eausam
429 2528 689 2573 quamobrem}
735 2529 808 2563 Ho-
883 2530 933 2573 esc
962 2540 1073 2578 quam
1092 2528 1139 2563 ob
1164 2542 1259 2566 rem,
1295 2530 1392 2574 quid
1409 2532 1460 2576 est:
1479 2543 1558 2571 cur.

133 2582 197 2618 die
215 2583 287 2618 fere
307 2583 459 2619 dicunt:
493 2586 690 2633 quaerebat
716 2599 809 2622 cau·
882 2586 978 2635 quid
1001 2588 1052 2631 efi
1094 2598 1218 2634 quare.

127 2641 211 2686 sam
235 2642 281 2676 ob
301 2655 429 2689 quam.
465 2641 524 2676 [ed
553 2652 685 2677 veteres
714 2642 811 2678 dice·
1012 2646 1118 2678 Ac'r.
1148 2645 1191 2677 V.
1239 2643 1375 2679 Scan.
1401 2646 1436 2683 6.

137 2697 228 2734 hant
261 2703 410 2746 causam
441 2713 550 2748 quam
577 2701 623 2736 ob
651 2715 726 2736 rem
757 2701 812 2734 vel
935 2708 969 2741 3.
987 2702 1116 2747 sblae]
1168 2702 1317 2749 antique
1337 2705 1498 2750 prosali,
1522 2714 1563 2740 ut

139 2767 221 2792 eur.
286 2756 348 2792 sic
383 2756 493 2793 etiam
524 2757 696 2794 dicebant
721 2759 814 2807 quid
886 2761 1045 2800 alterae,
1070 2760 1209 2801 nullae,
1239 2760 1341 2805 istae,
1361 2760 1441 2798 aliia
1470 2761 1561 2798 iocis
