1696 3112
1409 175 1494 213 xsst

39 300 338 372 'Eugtaphii
369 298 483 352 effe.
507 314 511 319 ’
548 297 679 351 Item
697 312 821 351 nota
839 297 875 368 '7
885 302 927 365 ι)
945 318 1062 370 pag.
1081 309 1197 368 237.
1220 295 1347 352 ¹alius
1378 301 1491 352 scri-

58 392 270 445 baeffest.

107 501 110 503 ·
198 486 259 534 In
279 482 465 553 magna
485 479 738 534 felicitatis
759 500 909 534 meae
927 497 1074 551 parte
1092 501 1315 552 repono,
1348 485 1493 552 quod

59 577 297 627 nondum
334 589 516 626 exacto
554 578 675 624 anni
718 574 876 643 spatio
920 579 975 625 in
1000 575 1188 640 inclyta
1214 576 1494 626 Academia

2 667 4 670 ’
24 731 27 738 r
59 668 433 729 Fridedciana,
474 684 668 734 praeco
701 666 800 717 effe
823 665 998 735 poffim
1022 668 1215 718 codicis
1238 668 1312 717 ibi
1336 667 1496 718 custo-

0 787 26 876 Ξ
62 761 156 810 diti
165 761 398 810 Terentii
416 771 526 807 tum
547 757 866 828 antiquiffimi
886 772 995 808 tum
1011 759 1207 810 scholiis
1225 759 1322 810 five
1336 757 1496 827 glossis

1 836 29 927 {5
61 854 187 903 varii
224 853 425 920 generis
453 849 671 919 infignis.
773 851 1075 901 Dolendum
1107 850 1199 913 est,
1260 851 1498 912 editores,

62 956 195 1012 quos
225 955 407 994 nactus
442 940 512 992 est
542 944 753 992 eximius
793 942 881 992 ille
912 946 1164 1005 comicus,
1215 942 1501 991 admodum

18 1097 19 1100 Ἴ
62 1035 386 1103 negligenter
415 1033 624 1084 codices
654 1033 766 1082 suos
803 1032 1129 1102 descripfiss'e,
1160 1047 1216 1082 ut
1239 1051 1502 1101 compara-

61 1129 136 1176 tio
160 1120 295 1176 istius
323 1142 465 1174 nunc
497 1142 561 1174 ex
575 1124 829 1186 tenebris,
870 1125 960 1174 ubi
983 1126 1153 1175 adhuc
1171 1126 1410 1185 latuerat,
1445 1127 1501 1173 in

63 1217 326 1290 publicam
358 1215 531 1266 lucem
560 1216 863 1282 prodeuntis
907 1233 1026 1267 cum
1068 1217 1174 1266 aliis
1214 1234 1320 1265 non
1348 1215 1502 1266 facile

9 1326 29 1384 ᾗ,
63 1302 250 1359 institui
275 1305 435 1375 poffit.
501 1306 555 1357 Si
587 1309 901 1371 Faernus,
947 1312 1037 1377 qui
1066 1312 1258 1376 primus
1289 1308 1502 1358 criticen

67 1372 375 1450 adultiorem
400 1401 456 1448 in
481 1399 688 1448 edendo
710 1402 957 1450 Terentio
987 1400 1269 1450 adhibuiss'e
1303 1398 1510 1461 dicitur‚'

63 1490 171 1560 ipse
207 1490 489 1546 editionem
520 1489 747 1553 curaffet‚
773 1490 975 1542 fortasse
996 1493 1063 1543 de
1089 1492 1370 1554 codicibus,
1394 1494 1504 1559 qui-

6 1550 163 1691 ,ἔδαε
198 1582 311 1655 uisus
342 1580 437 1643 est,
482 1595 724 1632 accurate
757 1567 1026 1634 retuliffet.'
1090 1585 1155 1633 At
1181 1585 1269 1633 illo
1299 1598 1503 1634 mortuo

8 1690 15 1718 ὲ
36 1668 39 1673 ³
65 1672 246 1726 Petrus
268 1675 603 1725 Victorius
637 1675 917 1724 editionem
939 1676 1159 1744 vulgavit
1181 1695 1224 1728 a.
1244 1677 1503 1726 MDLXV.

15 1801 21 1806 η
69 1778 308 1835 et'pauca
331 1764 489 1816 habet
511 1764 823 1815 de'fubfidiis
852 1767 1084 1818 literariis
1106 1767 1289 1835 quibus
1309 1767 1420 1818 usus
1437 1767 1505 1819 est

65 1851 306 1908 Faernus.
358 1858 742 1925 Lindenbro
754 1862 913 1925 gius,
945 1863 1033 1927 qui
1051 1862 1251 1910 Faerno
1283 1859 1506 1910 succeffit

0 1922 36 2033 ,1)
67 1948 334 2019 aa‘MDCII.
355 1951 585 2017 inprimis
604 1948 716 1999 usus
743 1949 811 2000 est
831 1953 1016 2002 codice
1027 1952 1133 2001 MS.
1158 1952 1506 2002 bibliothecae

13 2063 35 2136 3
66 2043 243 2109 regiae
262 2039 542 2091 Pax-iliensis
572 2059 791 2110 magnae
825 2046 1133 2111 antiquitatis
1171 2057 1221 2094 et
1249 2045 1507 2103 bonitatis,

11 2134 38 2228 {5
67 2135 124 2183 in
149 2149 253 2201 quo
273 2134 506 2184 Terentii
535 2136 705 2201 imago
738 2138 944 2202 antiqua
975 2154 1132 2184 manu
1156 2137 1362 2204 depicta
1385 2148 1507 2185 erat.

69 2223 156 2276 Est
181 2223 384 2274 fortaff‘e
419 2225 587 2275 codex
618 2234 753 2292 7899
772 2229 825 2275 in
849 2227 994 2277 catal.
1016 2228 1248 2277 Biblioth.
1269 2230 1394 2295 Reg.
1416 2228 1510 2276 Pa·

38 2359 42 2376 ,
70 2313 254 2366 rifiens.
275 2315 428 2365 MSS.
453 2318 675 2366 Latinor.
694 2320 756 2367 T.
777 2319 861 2368 IV.
886 2319 976 2367 ubi
999 2319 1171 2369 Seculi
1202 2323 1287 2368 IX.
1313 2318 1413 2370 effe
1438 2320 1513 2368 di-

75 2406 208 2456 eitur
240 2419 292 2457 et
321 2406 517 2458 scholiis
547 2407 839 2472 instructus,
898 2410 964 2460 de
996 2411 1181 2478 quibus
1214 2411 1340 2461 nihil
1373 2412 1514 2478 apud

11 2558 16 2571 Ι
72 2493 528 2567 Lindenbrogium.
593 2501 738 2550 Idem
760 2501 848 2551 ille
870 2502 977 2551 aliis
997 2502 1136 2552 libris
1158 2503 1348 2571 scriptis
1372 2503 1515 2552 usum

12 2575 14 2577 .
76 2590 131 2643 sd
147 2590 246 2642 ess‘e
266 2589 493 2654 testatur,
532 2595 620 2660 qui
636 2605 808 2643 tamen
836 2611 1017 2660 parum
1035 2595 1360 2662 profuerant3
1394 2612 1515 2643 nam

69 2681 135 2754 ,ἀ
149 2685 464 2734 recentiores
481 2697 624 2733 erant
644 2697 693 2735 et
712 2684 890 2735 leviter
911 2686 1187 2737 variabant.
1223 2689 1261 2735 F
1263 2686 1518 2761 ranciscus

79 2773 207 2823 Har
217 2781 246 2826 e
255 2775 572 2828 MDchIV.
587 2776 819 2827 adhibuit
841 2776 1242 2846 suppellectilem
1266 2797 1330 2858 ex
1344 2778 1515 2829 trede-
