1812 3100
1433 0 1469 14 “v
1490 3 1492 9 ’
1591 18 1593 24 .
1653 0 1812 125 ..iuven

1552 25 1602 42 ’,ἕω
1654 27 1673 41 ¹·
1688 28 1698 33 ‘¹
1760 36 1772 42 ,ν

1635 50 1651 58 1¹
1678 46 1693 58 1‘
1791 54 1799 66 ⁹⁷

1651 132 1653 144 2
1807 125 1812 137 ἒ

1800 145 1812 170 ,ιῑ

1804 187 1812 204 Γ

1804 219 1812 234 Ι

1805 238 1809 246 .

278 298 512 357 (Am-us
548 300 601 346 Η.
670 298 870 348 scam
905 303 984 362 Π.)
1035 301 1338 352 GNATHO.
1372 293 1700 394 PARMEQJ

282 408 585 460 GNATHO.
608 413 669 471 50)
713 411 799 460 Dii
819 411 1151 463 immortales!
1187 412 1379 463 homini
1399 412 1554 463 homo
1573 403 1702 481 quid

634 479 874 545 praestat!
899 485 960 543 5¹)
993 480 1143 530 stulto
1165 480 1457 547 intellegens
1685 484 1696 488 ’

214 595 220 602 ,
276 543 413 611 Quid
438 545 639 596 interest
658 548 754 662 [15³0
786 546 914 597 adeo
946 566 1009 597 ex
1038 547 1134 598 hac
1162 566 1217 598 re
1246 551 1385 599 veuit
1409 550 1461 598 in
1484 559 1703 598 mentem

637 632 700 662 mi
741 633 768 663 1.
1077 658 1081 662 ,

280 681 506 730 Conveni
544 683 608 741 5²)
661 680 813 731 hodie
856 681 1131 736 adveniens
1171 681 1426 750 quendam
1462 682 1560 732 mei
1598 680 1703 732 loci

638 748 758 798 hinc
780 753 840 811 53)
878 762 1033 816 atque
1064 749 1252 799 ordinis
1278 753 1342 808 54)

256 816 555 865 ‘Hominem
590 815 731 864 haud
760 817 1040 881 impurum,
1076 817 1248 866 itidem
1290 823 1352 881 55)
1399 818 1565 886 patria
1608 814 1701 884 qui

638 882 966 950 abligurierat
991 882 1056 945 ⁵6)
1090 885 1239 935 bona.

287 166 382 226 176
777 162 1214 215 EUNUCHUS.

338 1005 404 1052 5ο)
430 1004 548 1040 [ecum
567 1004 655 1040 dum
674 1004 811 1039 veniret
828 1003 875 1040 ad
893 1004 1091 1041 Thaidem.
1137 1004 1313 1043 Parafinu
1333 1002 1418 1046 iste,
1457 1000 1543 1039 dum
1561 1000 1702 1039 veniret

387 1062 435 1097 ad
455 1061 665 1101 Thaidem,
703 1060 826 1098 missus
847 1075 866 1097 a
884 1062 1072 1098 Thrasone
1090 1064 1227 1105 milite,
1253 1064 1423 1113 quatinus
1448 1061 1647 1109 puellulam
1667 1060 1702 1095 ei

382 1117 645 1167 praesentaret,
688 1118 847 1155 obviavit
873 1120 1064 1155 hominem
1089 1119 1260 1156 suicivem
1287 1120 1523 1166 eiusdemque
1549 1117 1702 1158 ordinis,

383 1175 448 1224 qui
465 1174 560 1209 bona
576 1173 638 1210 sun
658 1174 827 1212 devorata
845 1176 1023 1217 habebat,
1059 1177 1206 1225 iamque
1232 1177 1422 1213 mendicus
1449 1173 1599 1211 effectus
1626 1173 1702 1209 fue-

383 1243 451 1268 rat.
497 1233 606 1267 Tunc
624 1232 745 1281 eoepit
766 1246 848 1268 eum
866 1234 1099 1280 redarguere,
1126 1243 1236 1282 quare
1253 1247 1330 1269 non
1355 1230 1441 1268 esset
1467 1230 1591 1278 aliquo
1621 1229 1702 1266 offi-

383 1289 442 1324 cio
461 1299 679 1337 occupatus.
707 1300 748 1325 ut
766 1290 818 1325 ita
834 1304 909 1325 non
932 1290 1017 1327 esset
1034 1303 1141 1337 egens
1154 1315 1164 1331 ,
1192 1290 1390 1338 docuitque
1416 1287 1547 1323 eodem
1574 1286 1700 1322 officio

384 1347 507 1393 fungi,
533 1359 605 1394 quo
627 1346 702 1394 ipse
721 1346 957 1394 fungebatur,
986 1348 1197 1383 adulatione
1213 1346 1382 1382 videlicet
1399 1345 1532 1381 victum
1555 1357 1701 1393 quaere-

383 1418 434 1442 re.
481 1403 657 1439 Parasitus
687 1403 821 1439 dicitur
847 1418 868 1439 a
894 1405 1057 1453 parendo
1076 1416 1111 1440 et
1130 1404 1338 1443 assistendo,
1363 1416 1406 1438 eo
1425 1401 1525 1450 quod
1545 1401 1701 1436 affisteu-

382 1472 438 1498 tes
458 1461 655 1496 maioribus
674 1460 846 1508 personis.
872 1463 1019 1497 illorum
1039 1462 1215 1497 voluntati
1233 1474 1297 1508 per
1324 1459 1572 1495 adulationem
1601 1458 1700 1493 oble-

386 1528 538 1566 quentes
558 1517 742 1566 quaestum
764 1518 869 1564 gulae
889 1528 1047 1567 captent.
1097 1520 1265 1565 Quorum
1286 1515 1448 1553 officium
1467 1515 1540 1552 tale
1558 1514 1626 1554 est.
1657 1524 1700 1549 ut
1746 1527 1750 1531 ⁴

385 1574 563 1624 quicquid
591 1574 646 1609 illi
669 1574 816 1616 dicunt.
841 1575 1013 1615 laudent,
1049 1575 1087 1610 id
1109 1571 1245 1610 rursum
1272 1572 1300 1609 fi
1319 1583 1463 1619 negant.
1488 1570 1640 1607 laudant
1658 1570 1698 1605 id

384 1632 515 1680 iplum,
543 1643 677 1678 negant
696 1632 772 1673 illi.
801 1644 936 1679 negant
955 1633 1032 1672 isti.
1059 1632 1162 1668 aiunt
1177 1630 1270 1666 bene
1288 1628 1436 1677 aliquid,
1464 1629 1570 1664 aiuut'
1586 1638 1622 1664 et
1640 1627 1698 1663 isti

382 1689 557 1726 fimiliter.
621 1690 723 1724 Dum
750 1701 834 1735 ergo
864 1690 1015 1726 Gnatho
1035 1688 1206 1738 parafitus
1227 1687 1346 1723 taliter
1361 1686 1549 1722 hominem
1569 1683 1699 1732 perdo-

384 1745 521 1784 cuisset.
544 1747 663 1793 coepit
679 1746 798 1782 secum
810 1747 980 1794 cogitare,
1001 1747 1181 1782 veniendo
1201 1745 1247 1779 ad
1258 1742 1441 1778 Thaidem
1461 1742 1697 1783 meretricem.

385 1802 475 1851 quid
497 1802 641 1838 distaret
658 1802 785 1839 [tultus
807 1816 827 1837 a
845 1803 1023 1851 prudente
1068 1807 1127 1846 5ι)
1155 1811 1330 1849 quantum
1358 1798 1512 1834 excedit.
1540 1798 1698 1834 multum

381 1862 448 1905 5²)
470 1860 609 1895 obviavi
637 1860 693 1896 vel
718 1860 859 1896 locutus
878 1859 955 1894 [um
1000 1860 1066 1906 53)
1090 1871 1134 1893 ex
1148 1858 1266 1894 Attica
1312 1860 1372 1901 54)
1400 1857 1471 1891 mei
1517 1859 1577 1899 55)
1602 1855 1698 1890 fimi-

382 1917 466 1952 liter
486 1916 575 1953 ficut
602 1929 668 1964 ego
715 1917 781 1963 56)
810 1916 1051 1952 devoraverat.
1081 1915 1258 1961 abligurio
1286 1926 1415 1963 parum
1442 1910 1602 1958 degusto.
1632 1910 1696 1948 [ed

379 1974 444 2009 hic
467 1973 584 2009 aliter.

404 2077 512 2111 Ac‘r.
537 2071 583 2109 Π.
632 2074 720 2108 See
733 2086 770 2111 κ.
791 2086 826 2111 2.
1073 2076 1146 2110 mei
1162 2074 1239 2108 loci
1257 2083 1368 2118 atque
1383 2071 1554 2116 ordinis]
1593 2070 1698 2108 locus

327 2135 491 2181 1.]ὶηίιο
504 2133 825 2179 intelligensquid
838 2134 953 2168 inter·
1027 2142 1103 2167 tum
1135 2129 1180 2164 de
1213 2141 1343 2175 genere
1376 2129 1509 2163 dicitur
1544 2139 1620 2164 tum
1650 2128 1698 2164 de

278 2191 357 2237 esc]
425 2190 451 2224 i.
481 2202 514 2223 e.
546 2200 638 2235 quae
663 2187 713 2223 est
745 2186 952 2222 differentia
1027 2189 1139 2227 sorte,
1174 2185 1408 2226 conditione,
1436 2184 1627 2230 dignitate.
1656 2185 1698 2219 in

278 2247 382 2286 interf
403 2245 550 2282 stultum
579 2256 615 2280 et
634 2244 841 2292 sapientem.
886 2245 951 2279 Ea·
1027 2258 1098 2292 qua
1128 2243 1209 2291 quis
1241 2242 1375 2290 pofituu
1404 2241 1466 2278 est.
1485 2241 1627 2277 Sallust.
1658 2241 1699 2277 iu

278 2302 363 2338 dem
395 2302 663 2338 constructione
702 2302 739 2336 in
766 2301 833 2337 Ad.
860 2303 889 2336 Ι.
924 2314 952 2338 1.
1030 2301 1142 2337 Catil.
1164 2314 1194 2338 c.
1217 2309 1273 2343 23.
1294 2311 1406 2337 natus
1422 2299 1523 2336 haud
1545 2300 1695 2343 obst-*uro

277 2371 337 2405 5¹.
356 2362 423 2398 Ιιοσ
448 2374 557 2406 pater
575 2374 620 2396 ac
647 2361 818 2395 dominus
839 2361 953 2396 inter·
1027 2362 1123 2395 loco.
1156 2358 1236 2393 Cic.
1264 2356 1310 2391 de
1335 2356 1472 2391 amicit.
1493 2368 1524 2392 c.
1545 2367 1579 2391 2.
1598 2358 1695 2395 loco.
1760 2391 1763 2394 ,

276 2422 345 2462 est.
377 2432 407 2453 v.
446 2419 611 2453 Perizon.
643 2417 689 2452 ad
718 2417 856 2452 Sanctii
880 2415 951 2450 Mi—

277 2489 378 2512 nerv.
397 2477 459 2514 ΙΙΙ.
483 2484 515 2517 3.
536 2489 572 2522 p.
591 2481 674 2519 420.

325 2540 359 2574 3.
388 2533 616 2577 adveniens]
674 2530 712 2566 h.
737 2543 768 2568 e.
789 2543 870 2565 cum
891 2528 951 2563 ad-

278 2587 462 2623 venissem.
519 2590 603 2623 Hoc
644 2587 777 2623 Graeci
818 2586 948 2621 elarius

277 2645 464 2691 explicant
497 2659 561 2692 per
593 2658 716 2680 eorum
757 2643 950 2691 participia

278 2713 316 2737 et
340 2702 461 2737 Latini
484 2716 553 2748 ‚per
583 2702 689 2737 verba
717 2700 948 2748 deponentia.

276 2771 310 2796 v.
330 2760 468 2797 Sanctii
485 2762 640 2797 Minerv.
665 2761 693 2797 1.
717 2767 768 2803 15.
789 2772 825 2807 p.
848 2766 925 2801 132.

1018 2419 1206 2461 fortuna.
1235 2415 1589 2461 famasuperiores‚
1629 2411 1696 2446 ubi

1027 2486 1059 2510 v.
1079 2474 1209 2509 Graev.
1236 2472 1297 2507 Sic
1321 2472 1429 2524 etiam
1446 2470 1541 2507 ordo
1563 2467 1698 2515 aecipi-

1027 2541 1096 2566 tur.
1126 2530 1242 2565 Plaut.
1272 2529 1310 2563 in
1339 2525 1459 2563 Aulul.
1494 2526 1541 2560 11.
1574 2537 1608 2563 2.
1637 2533 1693 2568 55.

1025 2600 1062 2624 ec
1083 2602 1182 2624 meus
1201 2586 1366 2623 rue-ordo
1385 2583 1559 2620 irrideat.

1070 2651 1106 2688 4.
1131 2645 1236 2680 haud
1255 2639 1468 2686 impurum]
1507 2637 1546 2674 h.
1567 2651 1598 2673 e.
1617 2650 1696 2675 non

1026 2700 1245 2748 improbum,
1260 2712 1335 2733 non
1355 2697 1502 2732 malum.
1514 2695 1552 2730 in
1562 2696 1693 2733 Heaut.

1025 2759 1092 2794 lv.
1124 2770 1155 2792 1.
1189 2758 1242 2795 16.
1270 2770 1364 2793 anus
1400 2754 1506 2793 haud
1531 2756 1690 2801 impura.
