1812 3100
334 159 438 229 ,¹356

342 297 429 347 SY.
461 293 699 361 Disperii;
719 291 784 354 3²)
825 291 1054 344 scelestus
1088 309 1306 363 quantas
1336 294 1515 348 turbae
1535 291 1617 361 53)
1641 315 1760 349 con·
1776 255 1777 258 Ἴ

701 362 799 411 civi
820 360 884 425 34)
918 362 1128 413 insciens
1153 368 1215 423 35)

891 432 989 479 CH.
1021 432 1169 481 Prius
1197 432 1385 500 quaeso
1408 431 1536 483 disce
1555 432 1681 500 qnid
1704 428 1763 484 sit

345 434 433 480 CL.
465 429 634 497 Emori
658 430 823 495 cupio.

697 499 873 547 vivere.

342 565 441 618 Ubi
465 565 611 622 scies‘,
645 562 678 612 si
703 563 978 632 displicebit
997 566 1124 624 vita,
1153 579 1262 615 tum
1282 567 1405 631 istoc
1423 565 1488 630 3⁵)
1520 568 1692 618 utitor.

275 658 329 685 ιο
344 637 431 719 SY.
451 637 558 691 Ere,
579 602 796 683 licetne?
813 631 879 688 37)
907 635 1005 681 CH.
1025 637 1265 701 Loquere.
1299 637 1387 684 SY.
1410 642 1476 686 At
1492 639 1639 685 tuto?
1661 639 1763 686 CH.

701 705 945 768 Loquere.
1008 698 1096 750 SY.
1129 704 1276 768 Quae
1293 703 1383 753 ista
1413 705 1481 754 est
1504 705 1726 771 pravitas

344 773 551 837 Quaeve
571 770 788 817 amentia
811 770 901 826 est,
922 772 965 811 57
978 772 1011 827 ⁸)
1044 768 1186 837 quod
1212 772 1422 837 peccavi
1442 788 1557 838 ego,
1598 766 1653 821 id
1676 772 1761 822 ob-

702 837 795 885 esse
817 807 964 885 huic?
983 787 1078 897 38)q
1112 840 1210 886 CH.
1240 837 1273 886 Ι.
1301 837 1431 888 h'oet.
1451 844 1490 901 ¹⁸)
1512 839 1577 895 ⁵9)

349 906 429 957 Ne
454 918 505 954 te
525 905 587 966 ⁴¹³)
613 902 835 954 admisce.
856 922 1003 953 nemo
1025 906 1223 954 accusat
1242 907 1365 972 Syre
1385 908 1450 971 ⁴¹)
1482 920 1554 966 te,
1577 908 1640 967 ⁴²)
1666 925 1762 958 nec

703 984 761 1020 tu
787 990 924 1021 aram
946 971 1040 1020 tibi
1059 976 1121 1036 43)

347 1043 532 1109 Neque
560 1053 875 1107 precatorem
906 1042 1174 1106 paraveris.
1197 1037 1239 1101 *)
1314 1042 1405 1091 SY.
1452 1040 1590 1109 Quid
1619 1042 1761 1111 agis?

701 1110 800 1156 CH.
830 1106 971 1158 Nihil
991 1109 1240 1158 suscenseo
1260 1110 1324 1169 44)

347 1179 460 1227 Nec
481 1174 573 1224 tibi
604 1193 698 1224 nec
723 1174 863 1234 huic,
882 1175 918 1236 *)
966 1194 1060 1226 nec
1081 1195 1172 1226 vos
1196 1177 1265 1225 est
1285 1194 1509 1245 aequum
1532 1175 1673 1245 quod
1694 1177 1757 1226 fa

707 1244 787 1292 cio
808 1243 929 1292 mihi
947 1247 1008 1305 45)

281 1323 332 1366 25
345 1310 437 1362 SY.
472 1309 619 1360 Abiit.
635 1308 699 1373 46)
765 1312 967 1378 Rogasse
995 1310 1184 1362 vellem.
1202 1313 1268 1372 47)
1334 1304 1431 1360 CL.
1439 1291 1609 1379 Quid?
1671 1312 1762 1362 SY.

706 1378 853 1429 Unde
875 1379 997 1430 mihi
1017 1393 1238 1448 peterem
1254 1377 1460 1430 cibum?

409 1525 468 1567 3²)
492 1520 598 1556 valde
627 1520 719 1569 perii
776 1523 842 1567 33)
863 1522 1086 1559 turbationes
1142 1526 1203 1567 54)
1225 1524 1406 1562 commovi
1466 1525 1530 1572 35)
1556 1523 1644 1572 quid
1669 1522 1764 1558 mihi

451 1578 614 1614 eveniret
670 1579 735 1624 36)
760 1589 875 1613 morte
932 1581 997 1625 37)
1022 1579 1125 1627 loqui
1181 1588 1224 1626 37
1238 1583 1278 1627 a)
1302 1581 1384 1618 vel?

451 1647 516 1672 tuo
561 1635 600 1680 4”“)
625 1637 716 1672 edic.
741 1634 841 1670 ilicet
885 1636 951 1683 39)
971 1649 1036 1683 pro
1054 1637 1143 1671 ilico
1188 1639 1255 1683 4ο)
1274 1651 1321 1674 ne
1341 1650 1378 1674 te
1398 1652 1420 1674 o
1435 1639 1519 1686 Syre
1564 1640 1631 1685 4ι)
1666 1652 1688 1673 o
1703 1638 1765 1684 Sy·

450 1703 491 1726 re
515 1691 622 1737 42)si
641 1701 677 1726 te
697 1689 894 1740 admiscear
914 1692 981 1739 43)
1001 1693 1046 1728 ad
1067 1706 1174 1742 quam
1194 1695 1394 1741 confugias.
1419 1696 1597 1744 paraverit
1620 1696 1658 1741 Ι’)
1667 1696 1761 1731 edic.

450 1747 588 1795 parat-is
658 1747 725 1794 44)
746 1748 771 1782 i.
803 1761 834 1783 e.
864 1747 1042 1784 subtiliter
1083 1758 1217 1791 tracto,
1258 1750 1483 1799 prdeindito.
1528 1752 1566 1798 'J
1580 1753 1673 1788 edit.
1693 1750 1762 1785 tibi

449 1805 516 1849 45)
538 1815 579 1840 ut
604 1803 697 1839 mihi
724 1803 952 1842 suscensentis
997 1807 1065 1852 46)
1097 1806 1235 1843 receffit
1263 1818 1366 1855 pater
1390 1807 1486 1844 tuui-
1541 1809 1607 1854 47)
1632 1806 1762 1842 vellem

450 1873 534 1896 curn
551 1860 786 1907 interrogate.

396 2021 449 2054 ¹7·
475 2008 607 2045 turbas
621 2007 793 2051 concivi]
835 2006 859 2041 i.
880 2019 911 2043 e.
932 2019 1019 2042 con-

347 2065 468 2101 citavi.
485 2065 564 2101 Liv.
596 2065 641 2100 11.
669 2075 727 2109 29.
753 2078 827 2100 non
860 2066 1016 2110 miseriis

337 2123 409 2169 sed
450 2124 606 2158 licencia
647 2132 794 2156 tantum
833 2123 1016 2157 concitum

346 2179 552 2215 turbarum.
572 2177 635 2212 ubi
655 2189 686 2211 v.
698 2175 885 2211 Drakenb.

389 2246 447 2272 πο.
480 2233 684 2282 pravitas]
741 2233 766 2267 i.
795 2246 827 2268 e.
857 2231 1016 2280 perversa

346 2290 479 2338 agendi
500 2292 606 2327 ratio.

389 2359 447 2382 22.
472 2361 538 2384 nec
565 2359 607 2384 tu
623 2359 733 2384 aram
761 2348 832 2384 eibi
847 2359 913 2384 nec
930 2359 1014 2391 pre-

344 2405 533 2450 cator-em]
583 2405 608 2441 i.
629 2417 658 2439 e.
678 2417 754 2439 non
774 2415 865 2452 opus
887 2404 948 2444 est,
973 2413 1015 2439 ut

343 2460 383 2495 in
412 2473 511 2496 aram
539 2459 748 2506 confugias.
788 2471 850 2497 aut
874 2460 1010 2500 mittas,

343 2518 406 2565 qui
434 2532 500 2566 pro
539 2528 575 2555 te
613 2518 836 2565 deprecetur.
909 2516 1013 2552 Olim

340 2573 429 2610 servi
461 2575 682 2623 supplicium
728 2584 931 2609 metuentes
973 2573 1012 2607 in

341 2642 444 2665 aram·
466 2630 726 2676 confugiebant
763 2642 824 2666 aut
851 2639 1014 2678 precato-

339 2700 436 2728 rem,
475 2689 537 2736 qui
558 2688 687 2730 iratum
713 2687 898 2723 dominum
916 2686 1013 2722 miti-

339 2753 460 2789 garet,
502 2743 568 2781 fibi
601 2743 788 2791 parabant.
821 2744 940 2780 Plaut.
970 2743 1010 2778 in

636 140 1470 212 HEAUTONTIMORUMENOS.

1437 1583 1502 1629 38)
1527 1594 1658 1618 nocere
1686 1580 1763 1615 filio

1090 2009 1250 2045 Mostell.
1268 2010 1316 2047 V.
1337 2022 1367 2045 ι.
1390 2013 1448 2053 45.
1497 2008 1684 2055 Quoniam
1704 2020 1763 2043 ve·
1810 2015 1812 2064 A

1090 2080 1131 2103 ro
1162 2067 1272 2102 etiam
1308 2065 1372 2101 alii
1399 2064 1579 2113 supplicet
1605 2064 1654 2099 ad
1682 2076 1760 2100 arn
1811 2103 1812 2108 ¹

1090 2134 1265 2170 tanquam
1306 2120 1398 2170 asyla
1442 2121 1636 2167 confugere
1672 2110 1762 2156 sole-
1811 2155 1812 2158 ,

1091 2179 1190 2219 bant,
1219 2192 1289 2215 ara
1309 2191 1375 2227 pro
1398 2178 1566 2225 profugio
1587 2177 1661 2212 dici
1681 2189 1762 2212 coe-

1090 2236 1156 2283 pit.
1182 2237 1259 2272 Cic.
1287 2236 1333 2270 de
1355 2234 1445 2271 Nat.
1473 2235 1585 2270 Deor.
1613 2235 1676 2269 111.
1708 2245 1763 2271 ιο.

1090 2303 1271 2342 tanquam
1301 2294 1342 2328 in
1358 2304 1465 2328 aram
1483 2292 1690 2339 confugitis
1708 2288 1763 2326 ad
1787 2327 1790 2330 ,

1092 2351 1225 2386 Deum.
1247 2344 1358 2384 Ovid.
1380 2347 1481 2395 epist.
1498 2348 1528 2383 1.
1551 2360 1623 2385 ιιο.
1646 2348 1761 2383 effici·

1090 2408 1166 2442 tius
1192 2408 1326 2446 venias
1359 2416 1493 2451 portus
1517 2415 1553 2441 et
1580 2415 1651 2449 qm
1683 2405 1760 2439 tuis

1089 2460 1153 2496 ubi
1182 2472 1214 2496 v.
1243 2459 1368 2496 Heius.
1398 2460 1493 2496 adde
1510 2454 1757 2504 Lindenbrog.

1089 2515 1138 2551 ad
1163 2517 1200 2557 h,
1229 2516 1256 2553 1.
1302 2517 1480 2555 precam
1504 2514 1603 2551 idem
1626 2513 1676 2550 est
1695 2509 1759 2562 qui

1088 2575 1308 2619 deprecator·
1337 2574 1377 2609 in
1401 2573 1547 2610 Phorm.
1575 2573 1606 2607 1.
1632 2582 1666 2609 2,
1695 2564 1771 2622 90.

1087 2631 1204 2664 Plaut.
1233 2630 1272 2664 iu
1291 2628 1418 2665 Pseud.
1444 2630 1491 2667 11.
1511 2640 1545 2663 2.
1577 2639 1629 2664 η.
1652 2638 1684 2665 v.
1705 2625 1761 2662 in-

1087 2696 1196 2734 terpr.
1216 2685 1263 2722 ad
1283 2688 1430 2724 Petron-
1451 2698 1483 2722 c.
1507 2691 1583 2729 ¹3¹·
