1780 3100
234 139 307 187 86-
815 127 1122 189 ANDmA.

167 273 296 322 2081.
327 269 506 320 Mihin
504 272 810 339 quisquam?
829 270 890 335 61)
956 275 1100 322 DAV.
1124 271 1243 323 Eho.
1275 291 1340 322 an
1363 287 1469 327 tute
1490 275 1552 339 θ’)
1574 276 1644 327 in’·

590 338 774 389 tellexti
797 340 895 390 hoc
913 337 976 401 63)
1015 339 1365 391 affimularier?
1431 345 1497 393 SI.
1535 345 1646 393 lrri-

595 408 726 457 deor.
757 406 818 470 64)
888 451 890 458 ,

238 477 384 522 DAV.
418 475 775 524 Renuntiatum
804 477 881 525 est.
930 478 1062 525 Nam
1084 477 1172 544 qui
1193 470 1253 537 65)
1286 477 1435 529 istaec
1459 469 1589 527 tibi
1573 495 1644 532 111-

592 542 712 591 cidit
730 544 969 610 suspicio?
989 542 1057 602 6ὅ)

237 610 303 658 SI.
333 568 465 675 Qui'?
488 605 552 672 67)
585 610 715 675 Quia
736 624 784 659 te
802 628 988 659 noram.
1054 613 1203 660 DAV
1239 609 1388 677 Quasi
1417 625 1476 662 tu
1505 611 1645 663 dicas

591 678 779 726 factum
806 678 862 726 id
880 676 1082 726 confilio
1110 695 1235 728 meo.

238 745 305 793 SI.
335 746 475 792 Certe
508 729 636 793 euim
668 746 778 794 scio.
842 747 990 792 DAV
1023 747 1143 794 Non
1176 746 1289 796 satis
1320 763 1399 795 me
1431 746 1648 836 peruofti

596 815 767 869 etiam,
797 810 958 877 qualis
992 810 1097 869 fim,
1131 807 1279 861 Simo.

236 880 302 928 Sl.
336 881 503 944 Egone
521 882 603 928 te'?
624 878 687 939 63)
756 849 903 928 ’DAV.
937 879 1032 929 Sed
1054 877 1088 928 fi
1110 879 1235 946 quid
1257 878 1350 929 tibi
1369 881 1408 943 *)
1445 897 1649 931 narrare

594 950 790 1014 occepi,
824 947 1065 996 continuo
1090 946 1197 995 dari

167 1011 357 1064 25Tibi
377 1013 531 1065 verba
551 1012 612 1075 69)
651 1017 827 1064 censes.
850 1016 912 1074 7⁰)
977 1018 1037 1064 SI.
1062 1017 1125 1074 7¹)
1158 1014 1308 1064 Falso.

1373 1017 1523 1064 DAV.
1557 1019 1651 1064 Ita-

566 1108 568 1110 ·
598 1100 697 1149 que
719 1081 881 1132 hercle
903 1081 1057 1130 nihil
1046 1101 1142 1130 iam
1163 1084 1365 1132 muttire
1387 1084 1463 1142 72)
1472 1073 1648 1132 audeo.

236 1150 300 1199 SI.
335 1151 450 1198 Hoc
491 1167 583 1216 ego
630 1151 727 1199 scio
770 1168 949 1207 unum,
987 1151 1234 1199 nerninem
1277 1151 1514 1217 peperisse
1553 1150 1647 1201 hic.

596 1220 742 1265 DAV.
776 1216 1059 1265 Intellexti?
1090 1219 1152 1276 73)

241 1281 337 1334 Sed
366 1281 523 1332 nihilo
554 1285 704 1333 citius
729 1285 769 1344 *)
799 1286 861 1345 74)
900 1301 1113 1353 puerum
1151 1283 1372 1334 deferent
1399 1283 1503 1335 huc
1532 1299 1648 1335 ante

597 1352 787 1401 ostium.

297 1483 364 1530 61)
395 1484 614 1529 renuntiavit
678 1485 744 1531 62)
765 1494 804 1519 tu
834 1483 907 1533 ipse
938 1484 1074 1531 primus
1128 1484 1193 1529 63)
1225 1481 1270 1516 de
1305 1491 1411 1529 partu
1465 1481 1531 1530 64)
1566 1495 1586 1518 a
1613 1493 1649 1519 te

345 1540 404 1584 65)
440 1540 624 1588 quomodo
684 1542 745 1586 66)
771 1542 869 1588 quod
898 1541 973 1588 ipse
1002 1539 1141 1589 peperit
1198 1540 1257 1584 67)
1297 1538 1436 1587 quaeris
1465 1541 1650 1588 quomodo

312 1596 316 1599 ”
340 1597 435 1633 mihi
463 1598 634 1633 inciderit
664 1596 815 1646 suspicio
862 1598 927 1644 68)
953 1611 1024 1632 non
1057 1596 1142 1631 novi
1194 1596 1230 1641 ⁴¹)
1253 1597 1344 1632 edic.
1376 1598 1496 1633 omitt.
1523 1597 1589 1632 tibi
1613 1611 1650 1635 ec

344 1658 396 1701 eft
417 1657 457 1691 in
477 1656 546 1689 MS
559 1656 866 1700 superfit-imum,
882 1656 953 1701 sed
979 1657 1102 1691 literis
1124 1665 1323 1689 contextus
1340 1665 1376 1688 ec
1393 1654 1518 1690 eadem
1537 1668 1650 1692 manu

346 1712 406 1757 69)
432 1710 663 1745 mendacium
687 1712 857 1757 componi
905 1713 971 1758 7ο)
1007 1710 1147 1745 indicas
1194 1709 1257 1756 71)
1284 1709 1467 1745 irascendo
1513 1718 1571 1757 72)
1598 1714 1652 1748 lo-

346 1778 380 1809 q:
384 1765 406 1797 ιί
429 1776 564 1799 aurete
612 1766 675 1810 73)
702 1765 855 1800 ironicos
883 1765 1112 1818 (ειρωνικως)
1140 1764 1512 1814 negando-U)ed1t
1537 1768 1649 1805 [ecius

348 1832 440 1873 quae
458 1836 496 1859 ν
514 1822 543 1857 l·
560 1824 602 1858 in
620 1823 690 1857 MS
706 1833 841 1858 notata
859 1823 908 1858 est
957 1823 1022 1868 74)
1042 1822 1198 1856 velocius
1220 1817 1389 1868 probabis
1408 1821 1514 1860 istud.

289 1988 347 2027 ²3-
373 1994 471 2021 certe
486 1984 549 2020 eni
563 1978 607 2016 n]
653 1987 749 2021 enim
770 1983 833 2019 hic
851 1984 909 2018 ab·

243 2041 339 2074 unda
388 2051 432 2076 ut
448 2041 487 2075 in
497 2038 565 2074 Ad.
581 2040 637 2076 xV.
655 2049 690 2084 5.
710 2052 763 2075 22.
786 2053 818 2075 v.
831 2040 910 2075 Vir-

243 2096 307 2142 gil.
325 2097 446 2143 Georg
477 2099 537 2132 ΙΙΙ.
550 2109 604 2142 7ο.
619 2108 654 2133 et
663 2098 724 2145 Sp.
735 2097 907 2132 Servium.

290 2163 347 2197 25.
375 2154 472 2190 nihil
498 2156 575 2189 iam
601 2157 733 2190 mutire
761 2153 906 2199 audeo]

240 2209 286 2245 11.
316 2221 350 2245 e.'
372 2208 418 2245 ne
446 2214 497 2246 mi
527 2211 672 2257 quidem
704 2210 821 2245 dicere
850 2222 909 2244 au-

224 2294 228 2297 .
247 2266 330 2302 deo.
379 2270 436 2303 Mi
454 2268 515 2302 est
520 2267 581 2302 ille
609 2266 714 2310 sonus
734 2280 839 2315 quem
860 2265 912 2302 so·
945 2295 965 2318 ὓ

246 2317 324 2358 lum
350 2325 440 2358 muti
467 2322 572 2358 edere
603 2323 756 2373 possunt.
775 2337 805 2361 v.
826 2324 912 2359 Var-

246 2391 323 2414 ron.
355 2380 400 2413 de
421 2380 543 2426 lingua
564 2381 626 2416 lat.
649 2381 687 2416 in
705 2383 792 2416 Hec.
814 2382 856 2418 V.
876 2386 911 2425 4.

247 2445 305 2480 25.
333 2452 445 2484 neque
464 2453 554 2485 opus
573 2441 624 2485 esc
643 2440 735 2475 adeo
756 2440 886 2475 mutim
898 2451 912 2478 ;

244 2493 332 2529 hinc
352 2494 484 2541 duplex
510 2494 806 2543 frequentativum
824 2497 915 2540 mus-

237 2553 326 2598 sare
345 2563 381 2587 ec
400 2554 584 2592 mutitare,
618 2554 718 2603 quod
739 2551 912 2598 fignificat

246 2606 426 2654 Iuppress'a
454 2621 540 2642 voce
569 2609 695 2656 loqui,
730 2608 829 2658 quod
857 2621 911 2643 ce-

245 2663 360 2699 latum
397 2664 494 2700 velis.
528 2665 604 2702 Liv.
628 2667 706 2701 VII.
740 2673 791 2708 25.
822 2668 912 2713 muf-

232 2723 435 2771 Jantesque
463 2725 580 2760 *incer
610 2726 652 2771 fe
691 2724 910 2772 rogitabant

983 1984 1060 2020 ubi.
1088 1997 1119 2020 v.
1142 1948 1329 2020 Drakeub.
1349 1983 1496 2019 Terent.
1525 1984 1563 2019 iu
1582 1985 1651 2022 Ad.

983 2043 1029 2076 11.
1053 2054 1080 2076 ῐ.
1104 2049 1159 2084 33.
1176 2041 1392 2085 accipienda
1410 2053 1445 2076 et
1465 2042 1652 2088 muffitan-

984 2100 1035 2134 da
1053 2099 1194 2134 iniuria
1210 2101 1262 2144 est
1280 2097 1305 2136 i.
1322 2109 1352 2132 e.
1375 2097 1484 2133 tacite
1503 2098 1652 2134 ferenda
1667 2107 1669 2109 ’

984 2166 1020 2191 et
1055 2152 1321 2189 diffimulanda.
1583 2188 1586 2191 ,

1028 2212 1073 2246 26
1107 2211 1314 2256 neminem]
1361 2210 1564 2247 notandum
1595 2227 1652 2250 ne—

987 2273 1118 2305 minem
1158 2267 1359 2302 foeminino
1389 2280 1517 2314 genere
1553 2269 1652 2316 poni.

986 2325 1046 2360 Sic
1065 2324 1179 2361 Plaut.
1197 2325 1234 2359 in
1254 2323 1333 2360 Cas.
1353 2325 1397 2361 11.
1424 2337 1457 2359 2.
1483 2331 1535 2360 12.
1555 2328 1652 2362 vici·

987 2395 1075 2418 nam
1101 2386 1278 2419 neminem
1305 2395 1387 2418 amo
1417 2385 1546 2418 merito
1573 2396 1651 2419 ma·-

986 2441 1047 2486 εἰς
1075 2453 1184 2488 quam
1217 2450 1266 2475 te.
1313 2438 1374 2473 Sic
1403 2438 1509 2475 Ιιοηιο
1540 2438 1651 2476 foem-

987 2508 1066 2542 geu.
1098 2495 1247 2544 ponitur
1285 2496 1324 2531 in
1360 2495 1471 2530 Servii
1499 2495 1652 2543 Sulpicii

988 2551 1087 2600 epist.
1125 2551 1171 2587 ad
1207 2550 1374 2590 Ciceron.
1413 2551 1514 2599 quod
1545 2552 1651 2589 bomo

987 2622 1081 2646 nata
1099 2611 1246 2655 fuerat.
1275 2621 1305 2643 v.
1325 2607 1415 2644 voss
1444 2608 1490 2643 de
1509 2609 1651 2655 analog.

985 2667 1014 2702 1.
1039 2674 1091 2709 15.
1112 2666 1280 2701 etBentl.
1303 2664 1348 2699 ad
1366 2667 1412 2700 11.
1433 2677 1466 2703 2.
1486 2678 1542 2712 27.

1031 2735 1092 2769 27.
1092 2722 1385 2771 nihilosecius]
1431 2721 1457 2757 i.
1477 2735 1509 2758 ο.
1533 2730 1652 2773 neque
