1780 3100
275 118 336 181 93
825 117 1137 176 ANDRIA.

206 261 256 302 15
269 254 365 299 CH
396 254 620 299 Domum
644 248 804 303 modo
805 248 916 308 ibo,
935 263 996 299 ut
1015 266 1324 317 apparentur
1347 255 1388 314 7)
1424 252 1600 313 dicam,¹
1621 268 1709 305 at

630 335 730 384 que
754 317 852 366 huc
873 322 1120 368 renuntio.
1145 326 1197 380 8)

273 389 337 443 81
372 388 422 435 N
428 403 527 434 unc
554 397 601 433 te
624 403 728 443 oro,
749 388 907 442 Dave,
929 389 1168 450 quoniam
1191 387 1324 438 solus
1348 388 1468 438 mihi
1487 389 1689 439 effecisti

630 451 721 501 has
754 454 972 518 nuptias.

274 519 419 569 DAV.
443 523 482 581 9)
514 520 619 585 Ego
640 538 757 569 vero
778 520 947 568 solus?
968 522 1009 581 *)
1046 525 1106 582 ¹0)
1173 526 1239 572 St.
1273 525 1474 590 Corrige
1495 526 1534 587 *)
1566 523 1688 573 mihi

630 595 859 652 gnatum,
891 604 1045 651 porro
1068 590 1267 654 enitele.
1292 592 1352 650 ¹¹)

270 657 419 703 DAV.
453 656 651 712 Faciam
676 654 840 703 hercle
860 654 1040 704 sedulo.

1109 648 1174 706 Sl.
1209 661 1359 707 Potes
1381 654 1531 718 minc,
1560 658 1687 708 dum

632 725 830 770 animus
861 730 927 798 ²2).
955 722 1179 773 irritatus
1214 727 1274 785 ¹3)
1307 726 1386 774 est.

271 793 417 839 DAV.
450 791 698 855 Quiescas.
721 792 783 838 SI.
795 797 895 852 Age
916 789 1077 853 igitur,
1100 790 1336 842 ubinunc
1350 793 1417 841 est
1435 793 1604 860 ipbs?
1628 795 1685 856 ¹4)

622 859 768 904 DAV.
802 857 990 904 Mirum
1017 858 1068 905 ni
1096 857 1232 906 domi
1257 861 1334 908 est.

201 949 254 976 20
269 929 335 977 SI.
365 924 455 973 Ibo
488 923 553 973 ad
574 941 715 981 eum,
750 937 904 990 atque
927 924 1098 973 eadem
1128 925 1274 985 haec,
1306 944 1440 994 quae
1459 926 1551 976 tibi
1572 927 1687 987 dixi,
1722 920 1726 923 χ

626 992 788 1040 dicam
817 990 1000 1041 ibidem
1032 994 1090 1053 ¹5)
1122 992 1203 1040 illi.

267 1063 415 1109 DAV.
458 1058 645 1109 Nullus
681 1060 797 1107 sum.
838 1056 896 1119 ’6)
965 1061 1098 1126 Quid
1135 1062 1310 1110 causae
1345 1063 1406 1122 ¹7)
1439 1062 1529 1120 eft,

1594 1080 1687 1111 uln

623 1125 742 1175 hinc
763 1131 820 1186 18)
856 1128 906 1176 in
927 1129 1188 1198 pistrinum
1213 1134 1268 1191 ¹9)
1305 1143 1444 1180 recta
1462 1148 1556 1196 pro
1595 1128 1685 1180 cis-

623 1211 712 1243 car
740 1195 853 1244 via?

325 1330 370 1377 7)
397 1327 492 1376 ipsae
511 1328 660 1376 nuptiae
707 1329 749 1374 8)
774 1328 992 1364 renuntiabo
1039 1333 1081 1376 9)
1101 1329 1314 1377 interruptio
1360 1328 1391 1370 ⁸>
1415 1329 1514 1375 abest
1527 1329 1682 1376 signum

371 1389 633 1434 interrogandi
647 1389 687 1422 in
703 1388 792 1424 edic.
814 1389 909 1424 male
959 1386 1021 1432 ιο)
1047 1387 1116 1421 feci
1135 1387 1228 1422 solus
1274 1388 1310 1433 ⁴¹)
1334 1378 1425 1422 eilic-
1447 1387 1620 1430 corrigere
1645 1398 1683 1422 ec

364 1443 450 1488 fine
482 1445 721 1489 distinctione
746 1445 827 1487 post
854 1453 1003 1488 gnatum
1069 1447 1123 1484 11)
1151 1443 1306 1478 multum
1335 1442 1461 1476 labora
1529 1444 1590 1487 ια)
1615 1441 1681 1476 filii

375 1502 437 1544 13)
461 1510 585 1534 contra
606 1500 814 1546 Glycerium
865 1501 925 1547 14)
952 1500 1047 1534 filius
1074 1513 1174 1535 meus
1227 1500 1287 1546 ¹5)
1322 1498 1484 1533 fim'ilitet
1543 1497 1682 1544 16)ῐηί-

370 1555 426 1590 hil
445 1555 546 1590 valeo
597 1559 658 1605 ¹7)
681 1556 772 1605 quid
789 1557 907 1592 obstat
965 1558 1024 1600 18)
1049 1566 1182 1591 utnon
1212 1555 1256 1590 ab
1281 1555 1353 1591 hoc
1377 1555 1461 1590 loco
1512 1558 1567 1602 ¹9)
1592 1554 1682 1591 ficut

368 1612 526 1647 minatus
550 1611 611 1646 est.

315 1743 368 1778 15.
410 1736 732 1781 uc'apparenturj
800 1736 937 1773 [cilicet

264 1792 436 1839 nuptiae,
478 1790 539 1825 [ed
572 1792 722 1838 nuptiae
761 1803 936 1840 apparan-

266 1847 334 1882 dae
355 1858 456 1882 erant
476 1848 514 1882 in
535 1848 645 1882 domo
665 1849 835 1888 Simonis,
858 1863 934 1884 non

264 1904 447 1940 Chremis.
506 1905 690 1939 Bentleius
717 1905 826 1949 igitur
846 1906 934 1951 legit

261 1970 303 1995 ut
343 1972 546 2008 apparetur
583 1962 682 2007 qnod
718 1960 935 2009 impersona-

262 2016 346 2052 liter
373 2017 604 2052 occurrit..in
622 2018 712 2051 Eun.
733 2019 795 2054 ΙΙΙ.
816 2027 849 2060 5.
873 2027 929 2061 35.

308 2074 368 2110 ibo
390 2086 503 2122 acque
532 2075 729 2119 renuntio]
778 2073 948 2120 iungun-'

260 2139 319 2165 tur
343 2128 453 2176 praes.
487 2141 522 2165 et
549 2131 656 2166 futur.
686 2142 727 2167 ut
752 2131 867 2179 Iaepe.
897 2145 929 2166 v.

259 2185 460 2220 Burmann.
481 2186 528 2220 ad
549 2190 637 2222 Luc.
656 2190 683 2223 I.
703 2190 783 2231 316.

309 2255 361 2288 17.
386 2245 541 2289 enitere]
567 2246 656 2280 eniti
678 2244 822 2293 proprie
841 2243 930 2279 dici-

259 2309 318 2334 tur
337 2300 399 2346 qui
421 2299 459 2333 in
480 2301 591 2335 altum
614 2302 804 2338 ascendere
822 2314 929 2337 cona·

259 2366 328 2391 tur.
346 2369 377 2390 v.
396 2357 512 2393 Bentl.
528 2358 573 2392 ad
592 2361 719 2404 Horat.
736 2359 799 2392 111.
819 2365 850 2399 3.
874 2371 927 2392 10.

260 2411 394 2447 deinde
410 2414 471 2460 qui
491 2413 629 2450 summo
649 2415 766 2450 studio
787 2414 927 2461 aliquid

210 2490 211 2493 =
259 2467 402 2504 efficere
440 2483 610 2512 conatur,
643 2472 679 2505 in
719 2472 849 2505 Heaut.
879 2472 924 2505 V.

257 2531 292 2570 4.
307 2534 357 2567 15.
373 2529 625 2574 quodpotero‚
647 2529 924 2575 enitar-sedulo.

306 2590 360 2624 18.
401 2586 578 2622 irritatus
613 2586 686 2632 est]
744 2585 768 2621 i.
803 2598 834 2618 e.
873 2585 925 2617 ira

257 2650 461 2676 commotus
491 2642 558 2682 est,
599 2653 640 2678 ut
658 2643 697 2676 in
713 2641 860 2677 Phorm.
876 2641 922 2676 V.

257 2707 289 2741 7·
310 2703 367 2742 59·

1063 1749 1117 1783 19.
1154 1736 1350 1786 qm‘esbas]
1417 1736 1444 1770 i.
1471 1749 1502 1773 e.
1534 1734 1676 1784 quietus

1013 1794 1107 1832 esto,
1134 1792 1274 1827 Iecurus
1299 1791 1365 1831 fis,
1391 1792 1428 1825 in
1449 1792 1592 1826 Phorm.
1612 1793 1676 1826 IV.

1011 1851 1111 1892 3.65.
1124 1859 1190 1883 etc.
1207 1852 1334 1896 quaest>
1345 1863 1413 1894 ego
1426 1850 1521 1884 dabo
1541 1851 1677 1897 quigsbe

1012 1916 1046 1940 et
1059 1907 1120 1941 IV.
1142 1914 1178 1947 5.
1196 1918 1224 1938 ¹·
1249 1908 1396 1952 quietus
1413 1910 1500 1952 esto-

1055 1965 1188 1997 mirum
1214 1962 1277 2005 ni]
1332 1962 1356 1995 i.
1386 1975 1415 1996 e.
1446 1963 1520 1996 fine
1549 1960 1673 2000 dubio,

1008 2018 1203 2059 nimirum,
1239 2018 1275 2051 in
1296 2019 1389 2053 Eun.
1417 2020 1462 2054 II.
1484 2028 1517 2061 3.
1536 2028 1591 2061 52.
1606 2029 1673 2061 mi.

1006 2091 1089 2111 rum
1112 2078 1152 2110 ni
1169 2074 1265 2110 hanc
1281 2076 1385 2111 dicit.
1399 2076 1493 2111 Ovid
1521 2078 1671 2118 Metam.

1008 2133 1086 2167 VH.
1110 2145 1160 2165 12.
1198 2135 1399 2182 'nir-umque
1427 2134 1501 2177 nisi
1526 2134 1594 2170 hoe
1609 2142 1673 2184 eft,

946 2209 955 2218 .
1006 2187 1068 2222 ubi
1090 2200 1120 2221 v.
1140 2188 1370 2236 interpretes;
1401 2188 1484 2224 add.
1495 2191 1613 2228 Bentl.
1626 2194 1673 2229 ad

1004 2245 1132 2279 Horat.
1153 2244 1263 2278 Serm.
1285 2246 1332 2279 11.
1353 2254 1387 2288 5.
1409 2255 1466 2290 55.

1050 2314 1107 2336 21.
1132 2304 1260 2338 nullus
1280 2303 1387 2347 fiam]
1463 2303 1488 2340 ὶ.
1518 2317 1549 2338 e.
1579 2307 1671 2352 petii

1004 2358 1191 2398 funditus.
1234 2360 1375 2394 comica
1408 2359 1669 2407 desperationis

1003 2416 1182 2456 formula,
1220 2429 1312 2464 quae
1328 2417 1440 2451 etiam
1462 2418 1559 2465 apud
1578 2419 1668 2455 alios

1003 2474 1170 2508 occurrit.
1214 2474 1283 2508 Ov.
1302 2474 1392 2511 Met.
1409 2475 1471 2509 IX.
1492 2483 1570 2520 734.
1590 2479 1670 2513 vel-

1001 2531 1073 2565 lem
1110 2532 1218 2565 nulla
1237 2531 1376 2574 forem.
1406 2530 1483 2564 Liv.
1512 2533 1579 2566 vl.
1614 2542 1667 2575 13.

1001 2588 1065 2620 uhi
1100 2590 1219 2631 vasum
1248 2588 1411 2622 inimicis
1434 2590 1504 2632 esc,
1537 2590 1666 2625 nullm·

999 2654 1146 2687 repente
1170 2644 1234 2682 fui
1251 2641 1313 2676 ubi
1332 2655 1362 2676 v.
1384 2642 1594 2690 interpretes

1052 2700 1293 2744 proficiscar]
1339 2711 1415 2734 non
1436 2698 1574 2746 [emper
1590 2699 1664 2736 hoe

1771 391 1780 414 ἒ

1760 434 1780 486 1

1730 1706 1738 1709 ι

1760 1571 1780 1814 „¹.12.-.*>*1-'=21”‹*'1*⁴-
1773 1540 1777 1552 -¹
1769 1495 1777 1515 .-

1766 1930 1780 1999 .35⁴2
1771 1903 1773 1905 ·
1768 1812 1780 1891 amave?
