1812 3100
76 286 166 334 CL.
207 280 343 335 Vah.
375 284 506 348 Ergo
536 298 652 330 mea
679 279 936 347 Antiphila
966 294 1022 330 tu
1041 296 1193 330 nunc
1223 278 1327 330 sola
1355 281 1502 333 redu·
1510 316 1520 326 -.

432 368 542 400 cem
566 368 645 397 me
674 349 725 396 in
747 349 960 414 patriam
983 350 1118 398 facis
1515 393 1519 397 ,

74 422 221 475 Nam,
229 417 352 469 dum
372 416 464 468 abs
487 431 536 467 te
557 417 751 473 absum,
785 434 962 467 omnes
981 416 1104 466 mihi
1125 415 1326 470 labores
1351 417 1502 478 fuere,

436 503 567 565 quos
594 485 770 551 coepi,
786 488 848 546 54)
893 484 1043 543 leves,

68 558 431 624 Praeterquam
453 555 531 603 tui
553 552 827 604 carendum
848 553 991 630 quod
1019 565 1137 602 erat.
1205 555 1295 603 SY.
1329 553 1503 605 Credo.

30 620 43 636 '¹
163 662 170 666 N
427 623 516 672 CL.
551 624 674 688 Syre
696 622 779 671 vix
802 621 1007 678 suffero3
1037 627 1098 682 55)

65 692 296 744 Haecine
315 688 378 756 56)
415 709 495 743 me
528 692 758 739 miserum
794 707 898 738 non
935 689 1087 739 licere
1108 691 1171 750 57)
1204 707 1317 739 meo
1347 689 1521 741 modo2

427 759 631 825 ingenio
655 760 696 818 )
725 763 787 819 58)
820 757 952 806 Frui‘²

65 830 154 880 SY.
178 831 335 878 Immo
357 842 418 878 ut
435 841 631 894 patrem
656 841 802 875 tuum
828 827 928 874 vidi
951 825 1044 874 esse
1069 823 1298 876 habitum
1323 824 1425 883 diu,
1436 830 1502 888 59)

430 897 578 945 etiam
607 895 759 944 duras
782 894 843 942 66)
879 893 1033 942 dabit.

63 963 203 1014 EAG.
248 965 499 1032 Quisnam
552 962 636 1013 hic
676 962 964 1012 adolescens
1010 962 1098 1019 est,
1146 962 1237 1029 qui
1269 963 1505 1012 intuetur

431 1036 562 1081 nos?
593 1033 748 1080 ANT.
769 1031 857 1080 Ah.
895 1031 1070 1079 Retine
1094 1048 1170 1078 me
1194 1028 1410 1079 obsecro.
1437 1033 1503 1090 b¹)

68 1105 206 1153 ΒΑΕ.
238 1100 437 1151 Amabo
463 1099 526 1158 62)
564 1100 690 1167 quid
715 1099 807 1148 tibi
832 1100 932 1148 est?
1012 1100 1168 1147 ANT.
1202 1099 1416 1166 Disperii
1437 1101 1502 1160 65)

430 1168 616 1218 misera.
684 1170 823 1226 ΒΑΕ.
856 1164 992 1232 Quid
1016 1167 1183 1232 stupes
1577 1212 1580 1215 Α

13 1240 15 1242 ’
74 1236 369 1307 Antiphila?
397 1236 460 1295 64)
564 1240 724 1286 ΑΝΤ.
784 1235 983 1284 Videon
1032 1236 1240 1283 Cliniam
1292 1239 1515 1286 annon?

430 1308 566 1355 BAC.
603 1308 766 1372 Quem
801 1302 980 1353 vides?
1332 1324 1338 1331 ·

67 1376 158 1424 CL.
194 1373 339 1426 Salve
359 1372 421 1437 65)
458 1375 623 1422 anime
647 1374 725 1422 mi.
747 1371 813 1431 66)
879 1373 1034 1420 ANT.
1069 1373 1111 1435 Ο
1141 1371 1210 1419 mi
1242 1385 1504 1437 expectate

428 1441 590 1490 Clinia
607 1444 655 1502 *)
670 1440 732 1498 67)
770 1438 909 1488 salve.
974 1439 1063 1486 CL.
1101 1452 1160 1488 ut
1187 1438 1365 1488 vales?

69 1513 229 1598 ANT.
270 1509 474 1562 salvum
505 1510 567 1572 68)
615 1509 859 1561 advenisse
898 1507 1110 1574 gaudeo.
1206 1507 1296 1554 CL.
1341 1511 1503 1558 Tene-

431 1596 530 1628 one
562 1590 613 1627 te
1518 1596 1520 1599 ·

498 144 732 195 Acr.11.
798 145 971 196 Seni.
1002 146 1078 194 lv.
1158 107 1160 109 >
1403 147 1502 197 505

128 1741 196 1784 54)
228 1735 378 1774 sustinui
443 1735 509 1782 55)
542 1746 683 1770 amores
711 1733 823 1769 illius.
898 1732 1064 1770 Scribere
1096 1733 1251 1769 debebat
1280 1730 1504 1779 scholiastes

174 1807 278 1831 meos
342 1793 408 1840 56)
434 1791 615 1840 numquid
636 1790 710 1826 hoc
767 1793 827 1835 57)
850 1803 916 1837 pro
948 1789 1072 1826 licebit
1132 1792 1167 1836 ⁴³)
1189 1791 1282 1826 edic.
1313 1791 1504 1835 ingenium

175 1852 246 1898 58)
271 1864 351 1886 meo
371 1849 434 1886 usu
449 1863 531 1886 cum
554 1849 615 1884 illa
663 1851 723 1894 59)
748 1847 988 1882 contumelias
1008 1846 1075 1883 tibi
1096 1847 1288 1882 inferendo
1336 1848 1403 1894 60)
1420 1860 1504 1882 con·

174 1909 345 1944 tumelias
391 1908 457 1953 61)
479 1907 664 1943 ossacchis
712 1907 778 1951 62)
805 1904 858 1938 vel
879 1906 1022 1944 amabo.
1038 1906 1237 1951 scribendo
1258 1907 1506 1942 minusculam
1557 1925 1563 1935 ι

174 1969 328 2004 literam
348 1966 537 2001 initialem
560 1979 630 2011 pro
653 1966 858 2008 maiuscula
913 1965 973 2006 65)
1006 1976 1047 2010 pr
1031 1975 1091 1996 rae
1118 1975 1240 1996 amore
1296 1966 1358 2005 64)
1391 1976 1413 1997 ο
1438 1968 1507 2002 An-

175 2022 313 2071 tiphila
360 2022 426 2067 65)
450 2035 472 2056 o
493 2021 685 2073 Antiphila
730 2026 790 2061 b'o')
810 2021 930 2055 anime
954 2020 1014 2059 mi,
1050 2018 1260 2054 adverbium
1281 2019 1502 2056 blandientis

171 2079 203 2123 ⁴)
222 2082 314 2117 edit.
335 2081 456 2115 amice.
469 2078 596 2114 Clinia
639 2078 706 2125 67)
725 2078 886 2113 oClinia
932 2077 998 2123 68)
1015 2087 1063 2112 te.

115 2255 176 2281 ιο.
203 2245 262 2280 tui
298 2242 524 2287 carendum]
591 2242 751 2279 consti-u·
871 2247 926 2284 23.
953 2239 1140 2285 intuitur]
1190 2239 1339 2288 antique
1364 2254 1431 2288 pro
1447 2245 1504 2279 in-

69 2301 146 2337 ctio
180 2300 277 2336 verbi
310 2313 439 2336 carere
473 2312 557 2335 eum
602 2301 748 2347 gentive
825 2308 963 2335 eueeur.
1319 2303 1324 2308 '

4 2387 7 2391 .
68 2357 235 2394 notanda
259 2368 298 2392 ut
325 2357 451 2391 rarior.
507 2381 511 2386 ·
871 2355 1023 2396 retine]
1088 2352 1167 2387 i.'e.
1201 2351 1333 2389 sustine
1351 2367 1424 2394 me,
1454 2368 1501 2391 ne

20 2456 27 2464 -
116 2414 422 2463 21.'1'ngenium]
480 2412 667 2459 ingenium
696 2413 751 2449 di·
826 2412 968 2448 endam.
1001 2411 1116 2445 Plaut.
1150 2409 1187 2443 in
1217 2409 1365 2445 Curcul.
1394 2411 1428 2445 11
1463 2419 1500 2453 3.

5 2501 10 2507 .
70 2482 171 2508 ctum
209 2485 274 2520 pro
309 2472 460 2506 muliere
498 2470 563 2506 tali
601 2471 750 2517 ingenio
826 2472 1046 2513 snt-etiae,
1070 2468 1206 2503 retine.
1232 2481 1288 2502 me
1305 2468 1463 2510 obsecro.

70 2527 251 2577 praedita.
286 2541 320 2567 v.
353 2527 466 2565 Andr.
500 2528 530 2562 1.
567 2539 597 2562 ι.
629 2529 685 2563 26.
713 2538 750 2564 et
870 2537 924 2570 24.
951 2526 1043 2575 quid
1063 2525 1217 2570 stupes]
1266 2522 1291 2557 i.
1323 2535 1354 2558 e.
1389 2536 1501 2571 quare

70 2584 194 2620 Bentl.
228 2585 274 2620 nd
294 2585 331 2620 h.
352 2584 377 2619 l.
825 2583 937 2617 animi
959 2581 1162 2627 deliquium
1185 2589 1354 2616 tentares.

120 2653 178 2677 22.
206 2653 249 2679 ιιι
276 2654 422 2687 patrem
447 2640 576 2685 tuum]
632 2637 747 2675 versus
869 2650 926 2684 ²7·
946 2639 1076 2678 teneo]
1126 2635 1196 2670 hac
1219 2636 1374 2671 formul:
1394 2648 1500 2673 utun—

74 2697 325 2734 eonclamatus
358 2710 423 2732 nec
456 2697 529 2732 fine
558 2696 749 2733 meliorum
823 2705 901 2734 tur,
935 2696 997 2742 qui
1020 2693 1156 2727 amicos
1183 2706 1327 2740 peregre
1345 2694 1499 2729 reversos

72 2751 250 2791 Mssomm
273 2767 345 2803 ope
362 2754 620 2793 teltituenduo.
826 2747 1263 2800 amplectuntut.k'etton.
1284 2763 1314 2786 c.
1339 2759 1414 2797 139.
1435 2751 1498 2787 ubi
1561 2789 1568 2799 ⁸

1318 2813 1363 2857 U
