1812 3100
499 110 1100 179 Ac-r.1V.Sczu.1V.
1413 129 1511 178 335

89 255 357 334 Decipiam
390 281 452 316 ac
480 281 585 314 non
613 263 836 321 veniam,
886 263 1047 329 Syrus
1080 261 1204 312 mihi
1234 275 1374 329 tergo
1396 280 1513 332 poe-

442 350 537 382 nas
564 331 761 398 pendet.
781 329 843 410 56)

83 404 171 453 CL.
202 399 336 452 Satis
365 401 482 452 scite
501 406 565 461 ⁵7)
594 400 842 467 promittit
869 397 974 448 tibi.
1006 400 1071 458 58)
1137 396 1224 448 SY.
1264 400 1424 468 Atqui
1457 413 1516 450 tu

45 495 51 500 ·
447 467 625 519 hanc
612 468 770 518 locari
793 467 993 517 credis?

85 538 259 589 Faciet
276 539 343 600 ⁵9)
374 530 475 593 nifi
483 555 653 587 caveo.
684 540 820 586 BAC.
838 535 1136 595 Dormiunt,
1169 553 1262 600 ego
1282 534 1371 603 pol
1395 536 1514 587 istos

447 603 792 655 commovebo.

88 677 209 724 Mea
230 673 448 740 Phrygia
468 673 531 734 60)
567 672 781 723 audistin
810 671 961 721 modo
980 668 1045 732 61)
1078 670 1233 721 homo
1252 672 1338 721 iste
1359 690 1518 739 quam

448 742 617 793 villam
647 739 1029 790 demonstrarit?
1052 744 1088 800 *)

49 807 325 861 oChann1³
344 807 387 844 ⁶¹
404 814 440 873 ί)
506 810 648 860 PHR.
668 808 734 868 62)
768 809 964 858 Audivi.
997 812 1092 857 BA.
1115 809 1400 869 Proximam
1423 809 1516 858 esse

0 886 25 933 ζ
46 901 50 905 ’
448 875 567 928 huic
588 876 744 927 fundo
775 877 839 926 ad
861 877 1119 926 dextram?
1141 876 1203 935 63)

14 965 22 981 ²
61 945 192 997 PH.
210 944 434 998 Memini.
474 950 570 996 BA
595 944 860 1006 Curriculo
882 962 1134 1035 percurre,
1158 943 1295 1010 apud
1319 962 1436 993 eum
1452 943 1515 1005 64)

0 1057 3 1060 .
450 1014 592 1064 miles
614 1013 679 1074 65)
713 1017 760 1062 D
764 1011 955 1080 yonifia
971 1009 1101 1073 *)66)
1139 1013 1305 1078 agitat.

0 1076 31 1121 '⁵2
85 1080 179 1132 SY.
213 1081 354 1150 Quid
378 1081 506 1133 haec
526 1087 567 1139 *)
613 1084 927 1160 incoeptat?
973 1084 1070 1131 BA.
1110 1081 1209 1130 Dic
1229 1079 1291 1143 67)
1331 1098 1411 1130 me
1431 1079 1517 1130 hio

20 1173 26 1184 ‚
451 1150 644 1219 oppido
674 1149 735 1214 68)
787 1152 879 1200 esse
913 1150 1122 1200 invitam
1167 1162 1320 1217 atque
1361 1149 1516 1198 adsel-

0 1260 27 1267 Α.
448 1221 567 1269 vari.
601 1219 665 1278 69)

86 1288 273 1338 Verum
303 1286 478 1357 aliquo
509 1305 660 1355 pacto
684 1285 838 1337 verba
857 1303 936 1335 me
963 1284 1043 1337 his
1069 1290 1130 1348 70)
1167 1285 1400 1335 daturam
1422 1286 1515 1335 esse

449 1371 500 1406 et
524 1372 803 1407 venturam.
826 1360 886 1416 7¹)

8 1438 21 1462 2-
89 1423 178 1474 SY.
214 1426 345 1475 Perii
364 1424 544 1475 hercle.
579 1423 791 1474 Bacchis
814 1423 876 1484 72)
913 1441 1080 1480 mane,
1106 1425 1168 1482 73)
1202 1439 1361 1472 mane.
1400 1425 1514 1490 Quo

448 1494 606 1543 mittis
637 1494 793 1542 istanc
816 1496 878 1552 74)
912 1492 1127 1558 quaeso?
1152 1493 1193 1551 *)

152 1615 220 1663 56)
244 1613 372 1650 solv'et
420 1614 486 1659 57)
511 1614 683 1662 pulchre:
702 1614 810 1649 docte
873 1614 932 1658 58)
957 1613 1124 1660 yronicos
1146 1614 1206 1650 Cli
1210 1614 1269 1649 nia
1293 1612 1383 1648 dicit
1409 1611 1518 1658 Syro.-

196 1684 220 1707 ο
238 1671 322 1719 Syre
368 1672 434 1716 59)
459 1671 556 1719 quod
577 1671 736 1706 minatur
791 1671 857 1715 60)
881 1684 904 1705 o
927 1668 1079 1718 Phrigya
1126 1672 1185 1713 61)
1213 1671 1294 1706 ficte
1320 1670 1395 1705 hoe
1422 1670 1519 1704 dice·

196 1727 262 1764 bn
316 1727 350 1773 *)
376 1730 468 1764 edit.
497 1743 572 1773 non
592 1732 819 1775 interrogat.
865 1729 906 1764 61
923 1732 957 1771 a)
983 1729 1117 1763 viliam
1148 1728 1226 1770 vel;
1272 1731 1333 1771 62)
1356 1729 1432 1778 ipsa
1451 1728 1518 1764 fibi

197 1783 387 1832 respondit
441 1786 502 1828 63)
524 1785 602 1828 vel;
660 1787 726 1831 64)
750 1785 906 1822 fundum
951 1784 1018 1831 65>
1046 1785 1163 1822 noster
1182 1787 1319 1823 amicus
1367 1787 1400 1830 ⁸)
1425 1789 1518 1824 edit

198 1841 376 1890 Dionysio
423 1845 484 1884 66)
508 1832 683 1894 Dyonifia
704 1841 790 1878 festa
811 1842 929 1877 Liberi
951 1842 1061 1890 patris
1109 1844 1142 1885 *)
1168 1846 1257 1882 edit.
1277 1848 1398 1881 omitt.
1426 1844 1519 1879 haec

195 1901 430 1946 improbante
451 1902 572 1938 Bentl.
621 1902 687 1948 67)
712 1900 820 1935 militi
875 1901 940 1945 68)
963 1900 1068 1936 valde
1116 1902 1176 1954 69)
1204 1901 1386 1949 expectari
1414 1901 1520 1935 illum

177 1959 266 2004 ’70)
281 1957 489 2006 Clitiphoni
511 1968 546 1993 et
562 1958 650 2006 Syro
721 1959 784 2005 71)
809 1957 854 1993 ad
873 1958 975 1993 ilium
1008 1957 1144 2005 postea.
1211 1961 1275 2005 72)
1312 1972 1333 1993 o
1363 1958 1519 1993 Bacchis

199 2017 261 2060 73)
295 2025 445 2060 expecta
519 2019 591 2061 74)
612 2015 802 2063 Phrygiam
863 2017 902 2062 ’)
938 2016 1029 2052 edit.
1059 2019 1169 2061 ponit
1188 2016 1342 2065 signum
1362 2020 1521 2054 interro·

196 2074 371 2120 gationis
386 2076 469 2119 pofi
485 2071 605 2109 istanc·
616 2074 851 2119 improbante
872 2076 996 2110 Bentl-

90 2218 129 2255 6.
146 2217 305 2268 Selinda
322 2218 450 2257 Benef.
478 2219 542 2255 VI.
577 2220 631 2257 16.
655 2220 719 2256 ubi
736 2234 769 2256 v.
847 2221 1030 2261 celeriter.
1072 2233 1147 2256 non
1184 2221 1385 2258 intermisto
1420 2222 1522 2258 cursu

95 2275 264 2312 Gronov.
847 2278 968 2314 currit.
1000 2278 1115 2315 Plaut.
1148 2279 1185 2313 in
1206 2279 1313 2326 Epid.
1340 2282 1369 2315 1.
1403 2293 1433 2315 1.
1467 2292 1520 2315 12.

140 2344 179 2379 7.
197 2335 396 2379 promittet
422 2334 517 2377 tibi]
561 2335 611 2370 Ut
633 2337 771 2372 minari
846 2337 1036 2373 curriculo
1067 2339 1216 2382 occoepi
1234 2339 1343 2384 quui
1370 2337 1409 2372 in
1438 2337 1522 2375 Mil.

0 2383 11 2438 ξ
93 2389 279 2426 interdum
310 2403 374 2439 pto
389 2395 607 2437 promittere
625 2392 768 2433 dicitur,
845 2395 890 2430 11.
910 2396 943 2428 6.
963 2401 1020 2436 43.

0 2469 16 2511 ᾗ
93 2445 146 2484 fic
167 2451 389 2494 promittere
419 2461 485 2495 pro
512 2453 663 2486 minari.
691 2451 772 2486 Vir·
893 2450 1044 2499 agitat]
1093 2452 1242 2496 agitare
1264 2448 1314 2484 est
1342 2449 1523 2485 celebrare

0 2510 3 2514 '
94 2504 160 2551 gil.
181 2506 269 2540 Aen.
291 2506 336 2540 11.
358 2514 414 2551 95.
437 2505 499 2540 ubi
516 2519 547 2540 v.
564 2507 662 2541 Serv.
845 2508 882 2543 in
916 2509 1006 2542 Hec.
1034 2509 1062 2542 Ι.
1086 2519 1120 2541 2.
1156 2515 1207 2554 18.
1231 2506 1342 2544 ovid.
1371 2508 1521 2542 Metam.

142 2570 178 2605 8.
202 2563 418 2607 dormiunt]
445 2563 470 2596 i.
490 2576 521 2598 e.
542 2562 655 2599 securi
676 2563 769 2606 sunt,
845 2567 926 2601 Vn.
955 2573 1039 2610 431.
1068 2566 1222 2612 agitant
1249 2567 1432 2601 convivia
1454 2577 1522 2610 paa-

1 2622 27 2655 '.
94 2617 191 2654 nihil
235 2630 362 2656 curant
404 2620 523 2656 minan
570 2633 684 2657 meae.
729 2621 769 2657 in
845 2635 924 2660 tres
953 2622 1015 2657 ubi
1046 2635 1078 2657 v.
1099 2624 1296 2658 Burmann.
1320 2621 1383 2656 Sil.
1405 2620 1523 2659 Italic.

83 2674 244 2712 Phorm.
268 2678 315 2712 V.
337 2687 370 2720 8.
394 2688 447 2721 18.
845 2681 927 2715 XV.
948 2687 981 2724 4.
1005 2692 1065 2715 20.
1092 2679 1154 2714 ubi
1176 2679 1279 2726 plura
1298 2679 1415 2714 Drak.

146 2744 200 2773 ¹¹.
222 2737 410 2775 curriculo
428 2736 639 2783 percurrit]
678 2734 718 2774 h.
737 2747 770 2776 e.
896 2749 950 2777 12.
980 2739 1189 2786 affirmari]
1253 2735 1278 2771 i.
1308 2749 1340 2773 e.
1370 2737 1524 2775 invitam
