1780 3100
246 154 310 202 68
370 174 374 178 -
811 112 1115 229 AquA.

174 288 396 341 30PAM.
432 287 553 336 Non
583 284 793 350 opinor,
843 287 1000 334 Dave.

1069 264 1216 334 D‘AV.
1252 263 1448 351 Opinoi·
1468 306 1542 319 —-
1559 299 1674 333 nar-
1732 301 1738 308 ·

607 355 726 400 ras?
747 357 808 412 29)
865 353 982 402 Non
1007 367 1142 402 recte
1161 352 1363 417 accipis.
1382 354 1446 411 5⁰)

245 424 390 470 Certa
414 435 493 466 res
530 417 615 468 est
637 423 697 478 3¹)
767 419 927 468 Etiam
953 438 1164 485 puerum
1199 419 1317 494 inde
1349 417 1524 467 abiens
1556 433 1673 468 con-

608 486 723 534 veni
748 491 808 546 3²)
841 486 1078 536 Chremis.
1671 517 1674 520 ·

176 578 178 580 ’
247 554 396 603 Olera
428 553 479 600 et
509 552 771 617 pisciculos
808 555 1026 604 minutos
1055 555 1199 612 ferre,
1232 557 1293 619 33)
1337 550 1490 644 obolo
1522 554 1583 616 34)
1617 554 1672 601 in

610 638 818 669 caenam
847 621 958 669 seni.

244 691 343 736 CH.
372 685 653 736 Liberatus
660 689 764 736 sum
783 688 934 737 hodie
949 691 1093 738 Dave
1119 701 1211 737 tua
1232 703 1398 754 opera.
1418 689 1480 748 35)
1525 689 1671 738 DAV.

612 761 685 803 Ac
710 754 882 804 nullus
903 755 1122 821 quidem.
1135 752 1208 815 36)

245 826 342 872 CH.
378 820 514 887 Quid
538 822 641 870 ita'?
692 825 887 887 Nempe
919 823 1040 872 huic
1069 826 1130 881 37)
1162 821 1364 889 prorsus
1397 819 1533 870 illam
1564 840 1671 872 non
1730 819 1735 824 ’

597 888 694 938 dat.
719 894 779 952 38)
846 893 991 939 DAV.
1026 888 1312 940 Ridiculum
1333 903 1503 961 caput.
1533 892 1596 952 ⁵9)

307 1013 373 1057 29)
402 1010 493 1046 dicis
546 1011 609 1057 30)
636 1023 712 1045 non
734 1009 863 1046 eredis.
890 1010 1063 1056 intelligis
1093 1012 1157 1058 qui
1184 1011 1276 1046 dicis
1304 1009 1437 1057 opinor
1482 1009 1548 1056 51)
1569 1010 1671 1057 quod

356 1067 440 1102 dico
489 1067 553 1113 32)
576 1066 718 1102 obviavi
765 1071 829 1110 33)
844 1067 1016 1102 ferentem
1065 1072 1123 1112 54)
1144 1067 1301 1103 dimidio
1320 1065 1470 1101 denario
1518 1067 1583 1112 55)
1605 1077 1669 1102 tuo

350 1123 471 1160 studio
537 1123 602 1169 36)
636 1122 788 1159 minime
814 1123 985 1162 liberatus
1015 1137 1052 1159 es
1082 1138 1162 1159 meo
1194 1123 1314 1160 studio
1344 1121 1407 1157 sed
1438 1121 1520 1158 casu
1549 1123 1669 1159 evenit

351 1180 417 1226 57)
441 1179 635 1227 Pamphilo
683 1182 747 1226 58)
766 1181 940 1216 Chremes
989 1183 1053 1226 39)
1075 1180 1144 1216 risu
1164 1180 1295 1227 dignus
1311 1179 1439 1215 homo.

250 1303 452 1339 chaismum
475 1302 607 1338 dicitur
630 1316 695 1350 pro
707 1315 865 1341 ornatus
887 1315 922 1340 et
951 1342 957 1350 ¹

248 1363 443 1397 tumultus.
456 1359 583 1395 v-.Voss
596 1359 640 1405 de
653 1360 794 1406 analog.
804 1363 849 1396 11.
867 1374 921 1407 ¹7·

250 1416 473 1451 ornabantur
491 1416 609 1463 postes
633 1427 668 1452 et
688 1417 921 1464 aliaevpartes

250 1473 396 1507 aedium
409 1471 554 1507 floribus
568 1483 602 1507 et
612 1474 768 1515 comni„
788 1473 924 1509 discur-

252 1529 397 1564 rebatur
424 1543 505 1565 cum
534 1530 683 1577 strepitu
712 1543 775 1576 per
803 1530 921 1569 aedes.

251 1584 351 1633 quod
365 1597 433 1620 vox
451 1589 605 1623 tumulti
621 1586 815 1631 fignificat3
840 1587 922 1622 tibi-

251 1642 350 1677 cines
365 1642 461 1677 enim
476 1641 746 1677 adhibebantur
755 1653 792 1678 et
801 1644 923 1690 hyme-

248 1710 361 1739 naeus
373 1698 595 1746 cantabatur.
609 1712 640 1732 v.
653 1699 689 1733 in
701 1699 771 1735 Ad.
784 1701 829 1735 V.
842 1714 874 1746 7.
892 1713 921 1735 1.

294 1762 351 1796 5ο.
384 1756 548 1800 accipis]
605 1755 630 1788 i.
667 1768 696 1794 e,
734 1756 922 1804 intelligis,

249 1809 493 1857 interpretaris
523 1823 556 1844 v.
588 1811 627 1845 in
645 1812 737 1846 Eun.
767 1815 795 1850 Ι.
817 1826 849 1848 2.
878 1826 922 1854 2;

248 1865 297 1901 fic
318 1868 408 1903 dare
429 1866 480 1902 est
498 1866 639 1908 docere,
665 1878 705 1904 ut
724 1868 823 1917 apud
843 1869 924 1904 Vir-

249 1922 313 1969 gil.
334 1923 410 1967 Ecl.
431 1926 460 1958 l.
490 1936 543 1970 19.

295 1987 352 2022 51.
378 1985 539 2018 conveni
556 1981 760 2026 Chremisj,
796 1994 924 2016 conve-

249 2035 328 2071 nire
350 2037 508 2085 aliquem
529 2038 579 2073 est
595 2037 831 2085 colloquendi
843 2050 924 2073 cau

249 2091 288 2127 Ia
317 2093 475 2141 aliquem
507 2094 607 2129 adire
638 2093 693 2128 vel
722 2091 829 2129 e'tiam
861 2105 932 2142 per‘

249 2147 439 2185 fortuitum
471 2149 657 2185 occursum
691 2162 774 2185 cum
799 2150 922 2197 aliquo

251 2204 431 2253 colloqui,
456 2216 497 2242 ut
512 2207 605 2242 Eun.
626 2208 691 2241 ΙΙΙ.Ι
711 2218 746 2241 2.
772 2211 824 2251 14.
850 2205 922 2241 Sed

248 2262 407 2310 primum
426 2276 503 2298 non
534 2262 700 2298 additum
728 2262 827 2310 quod
849 2263 924 2297 Da-

248 2331 313 2353 vus
334 2331 415 2354 cum
436 2319 638 2355 Chremetis
661 2318 757 2354 servo
778 2319 921 2354 locutus

248 2373 303 2414 fit,
330 2373 464 2410 deinde
481 2389 557 2410 non
579 2375 748 2411 cohaeret
766 2370 923 2410 constru-

249 2431 344 2480 ctio,
374 2443 482 2478 quam
503 2431 628 2467 frustra
649 2431 817 2478 expedire
843 2442 922 2466 ten-

249 2488 338 2523 tavit
357 2488 519 2525 Perizon.
542 2489 587 2523 ad
607 2489 744 2523 Sanctii
765 2488 918 2523 Minerv.

248 2545 312 2578 111.
338 2545 372 2580 6.
403 2552 437 2588 5.
494 2534 611 2580 Nihil'
631 2544 739 2590 igitur
759 2557 919 2579 commo-

247 2599 329 2634 dius
340 2598 503 2634 Bentleii
525 2599 732 2636 coniectura
750 2615 814 2649 pro
834 2615 917 2638 con-

244 2659 335 2694 veni
352 2655 503 2701 legentis
523 2659 707 2702 conspexi.

291 2711 477 2758 Chremi-r]
523 2709 692 2750 Don‘atus
722 2723 758 2751 et
786 2714 913 2751 melio-

996 1318 1051 1341 res
1073 1304 1217 1341 codices
1231 1303 1369 1339 habent
1385 1303 1546 1343 Chr-emi·¹
1567 1303 1667 1340 Nam

997 1362 1085 1397 talia
1116 1362 1268 1396 nomina
1297 1360 1436 1408 duplici
1462 1360 1576 1397 modo
1607 1361 1668 1396 de-

999 1419 1179 1454 clinantur
1197 1419 1236 1453 in
1255 1419 1386 1453 Heaut.
1406 1419 1452 1453 V.
1462 1426 1497 1461 5.
1511 1430 1568 1452 2¹.
1600 1422 1670 1454 Ar-

998 1477 1150 1512 chonidi
1170 1488 1235 1522 pro
1255 1478 1301 1514 is,
1323 1473 1421 1522 apud
1435 1474 1526 1509 alios
1541 1474 1667 1522 Ulyffi.

998 1527 1150 1572 Λοιιῑιιῑ,
1173 1535 1340 1580 maraci,
1361 1544 1392 1566 v.
1413 1531 1492 1568 niv,
1505 1531 1667 1568 etneml.

999 1589 1045 1624 ad
1068 1589 1103 1626 h.
1124 1589 1148 1623 l.

1044 1654 1100 1688 32.
1123 1647 1319 1694 pisciculos
1335 1644 1509 1689 minutos]
1554 1642 1668 1679 demi·

998 1703 1189 1738 nutionem
1211 1700 1314 1735 addit
1335 1699 1535 1740 deminuto,
1560 1711 1601 1736 ut
1618 1701 1669 1736 vi·
1694 1736 1696 1738 ,

999 1759 1082 1793 litas
1103 1757 1215 1803 magis
1238 1766 1430 1804 appaream
1457 1755 1505 1804 [ic
1524 1756 1560 1790 in
1573 1758 1664 1792 Eun.

999 1815 1028 1850 I.
1054 1828 1088 1849 2.
1114 1822 1168 1855 28.
1200 1814 1367 1858 parvula
1397 1814 1539 1858 puella.
1583 1814 1664 1849 Cic.

999 1870 1150 1906 Tuscul.
1179 1869 1311 1916 quaest.
1329 1870 1393 1906 111.
1429 1882 1458 1905 1.
1481 1874 1665 1914 parvulos

999 1928 1102 1962 dedit
1128 1927 1330 1972 igniculos.
1360 1924 1480 1961 Davis.
1504 1926 1549 1961 ad
1570 1928 1664 1964 Hirt.

1000 1982 1102 2017 dess.
1122 1981 1229 2016 Afric.
1260 1994 1290 2014 c.
1313 1993 1369 2026 27.
1416 1997 1420 2002 ·

1044 2041 1086 2074 in
1121 2038 1294 2082 coenam]
1368 2037 1585 2086 'praepolitio
1624 2042 1667 2076 in

1000 2107 1082 2129 cum
1122 2093 1320 2129 accusativo
1350 2092 1454 2141 saepe
1489 2094 1665 2140 fignificat

999 2149 1143 2185 causam
1171 2161 1205 2185 et
1225 2150 1332 2184 finem
1353 2150 1424 2184 rei.
1474 2151 1591 2187 Plaut.
1623 2151 1664 2188 in

996 2206 1162 2242 Ttrucul.
1190 2207 1254 2240 IV.
1280 2218 1313 2243 2.
1343 2216 1401 2252 27.
1423 2209 1512 2257 dedi
1537 2210 1575 2245 ei
1598 2212 1666 2246 mi-

997 2277 1083 2299 nam
1101 2265 1141 2298 ἱη
1160 2263 1384 2306 obsonatum.
1396 2264 1554 2312 Propert.
1573 2265 1663 2312 eleg.

996 2322 1059 2355 111.
1085 2332 1117 2354 2.
1139 2327 1195 2362 55.
1219 2319 1308 2356 haec
1326 2319 1478 2356 hederas
1503 2323 1663 2368 legit,in

995 2376 1156 2422 thyrsos.
1187 2375 1270 2412 Seu.
1290 2375 1336 2410 de
1362 2374 1513 2412 benefic.
1532 2379 1596 2412 1V-.
1631 2389 1662 2416 1.

995 2437 1058 2483 qui
1078 2433 1226 2479 honesta
1242 2436 1283 2468 in
1306 2433 1502 2474 mercedem
1519 2436 1660 2471 colant.

993 2501 1025 2523 v.
1046 2488 1187 2522 Duker.
1219 2489 1266 2523 ad
1287 2488 1380 2523 Flor.
1397 2486 1442 2524 11.
1460 2491 1494 2525 6.
1521 2503 1558 2537 p.
1579 2498 1659 2533 318.

995 2544 1236 2592 Oudendorp.
1256 2544 1303 2579 ad
1320 2542 1455 2580 Lucan.
1475 2547 1521 2581 11.
1545 2555 1620 2590 151.

1037 2610 1092 2644 33.
1121 2603 1272 2647 nullus]
1315 2604 1459 2638 nullus
1487 2601 1552 2649 pro
1583 2619 1658 2641 non

990 2659 1138 2705 ponitur
1156 2657 1358 2705 praesertim
1372 2657 1468 2705 apud
1484 2660 1654 2703 comicos.

989 2715 1029 2750 in
1047 2715 1140 2750 Eun.
1158 2716 1206 2751 Π.
1230 2727 1259 2750 1.
1282 2727 1334 2751 10.
1359 2717 1507 2761 camaelgsi
1527 2718 1656 2755 nullus
