1812 3100
574 150 719 201 Αο-τ.
750 149 833 200 ΗΚ

98 259 248 338 ’Ϊὸ
242 279 471 346 vim,
504 297 556 336 et
586 286 675 335 sua
709 286 862 336 causa-
886 284 1088 336 excludi
1122 262 1362 338 caetercs.

900 150 1077 202 Scin-r.
1109 154 1162 201 Π.

150 356 336 431 Neque
355 372 551 422 pugnas
582 368 758 409 narrat
786 373 956 422 neque
985 355 1248 406 cicatrices
1280 357 1391 406 suas

46 406 56 489 'J
75 430 132 475 30
151 423 265 472 oete

164 518 166 521 v
508 493 590 541 cit.
623 489 687 550 68)

265 434 431 482 utut,
451 438 622 491 neque
656 422 750 472 tibi
780 422 958 483 obstat,
986 420 1052 484 67)
1101 424 1242 494 quod
1277 423 1486 493 quidam
1515 423 1582 476 fa-

143 559 329 608 Verum
357 560 450 609 ubi
487 559 750 609 molestum
781 577 885 608 non
916 561 1034 620 erit,
1080 559 1168 610 ubi
1197 575 1254 610 tu
1286 559 1443 620 voles,

147 626 248 676 Ubi
271 641 476 696 tempus
497 627 591 677 tibi
613 630 729 685 erit,
764 629 835 677 sat
856 627 1034 688 habet,
1065 627 1098 677 fi
1124 644 1230 678 tum
1252 631 1506 696 recipitur.
1518 627 1582 691 69)

142 691 299 752 THR.
331 697 408 763 Ap

141 764 429 832 Miserique.

77 851 82 859 ·
506 834 607 883 scio
661 856 666 866 ⁴

413 711 556 764 paret
577 697 770 746 servum
792 696 927 746 hunc
949 698 1042 746 esse
1064 697 1258 746 domini
1289 699 1544 764 pauperis,

500 767 612 815 GN.
646 769 778 815 Nam
812 765 979 815 hercle
1017 784 1167 815 nemo
1196 770 1256 825 70)
1309 768 1468 833 posset
1511 769 1582 816 sat

27 902 128 951 35
142 900 245 968 Qui
266 905 327 962 7¹)
369 895 603 959 haberet,
639 902 730 968 qui
761 917 966 969 pararet
992 901 1160 961 aliurn,
1194 907 1253 965 72)
1300 900 1441 954 hunc
1471 922 1581 971 per-

505 971 622 1036 peti.
651 974 711 1030 73)

146 1036 281 1086 PAR.
316 1040 458 1086 Tace
478 1051 558 1094 tu,
595 1056 749 1104 quem
770 1055 864 1103 ego
898 1038 991 1086 esse
1014 1037 1167 1087 infra
1176 1036 1379 1089 infimos
1403 1057 1579 1090 ornnes

505 1124 574 1172 PU
582 1119 635 1154 tO

144 1173 408 1222 Homines.
446 1191 560 1222 nam
588 1174 679 1241 qui
709 1172 831 1221 huic
853 1175 916 1233 74)
953 1174 1176 1223 animum
1210 1175 1440 1224 assentari

133 1239 430 1301 -lnduxeris,
465 1260 493 1291 e
520 1241 725 1290 flamma
748 1243 811 1299 75)
845 1255 894 1292 te
925 1242 1096 1292 cibum
1126 1258 1299 1310 petere
1337 1243 1472 1311 posse
1504 1261 1579 1293 ar-

503 1309 678 1360 bitror.

204 1433 266 1480 67)
285 1429 507 1467 contradicit
552 1431 618 1478 68)
629 1430 769 1467 Thraso
817 1433 882 1480 69)
895 1432 1075 1468 Phaedria
1122 1432 1188 1480 70)
1199 1433 1371 1469 dominus
1419 1437 1580 1482 71)quo-

251 1488 367 1524 modo
415 1491 480 1534 72)
504 1487 640 1523 servum
690 1491 754 1537 73)
780 1491 928 1528 habere.
977 1492 1028 1531 Si.
1059 1491 1191 1539 inquit,
1219 1490 1293 1540 ipse
1314 1491 1486 1527 dominus
1513 1491 1582 1527 ser-

250 1559 333 1581 vum
358 1545 546 1581 meliorem
568 1560 654 1594 prae
679 1560 893 1595 paupertate
915 1548 1083 1587 haberet,
1113 1561 1344 1596 nequaquam
1366 1549 1467 1585 hunc
1495 1561 1580 1586 ante

251 1603 380 1639 oculos
408 1601 490 1639 suos
523 1604 598 1652 pati
627 1605 797 1653 potuiffet

253 1661 352 1697 culo.

853 1608 918 1653 74)
950 1604 1132 1642 Thrasoni
1190 1607 1254 1652 75)
1279 1619 1323 1641 ex
1353 1609 1456 1643 omni
1486 1608 1584 1657 peri-

1401 1675 1414 1705 0

192 1792 250 1832 30·
268 1787 451 1839 quidam]
507 1791 661 1838 quidam
688 1800 823 1825 veteres

144 1842 277 1882 dicunt
315 1848 391 1881 'non
426 1844 543 1880 folum
572 1860 636 1894 per
662 1858 824 1882 contern-

143 1914 245 1945 ωσι,
289 1901 351 1938 sed
386 1903 495 1939 etiam
538 1917 585 1940 ne
629 1904 823 1942 offendant

144 1959 388 2009 praesentem.
414 1972 456 1997 ut
475 1960 512 1998 h.
531 1961 557 1996 l.

152 2031 154 2033 ’
191 2025 249 2061 32.
266 2021 331 2066 fat
349 2017 481 2063 habet]
529 2018 555 2060 i.‚
575 2032 606 2053 e.
627 2029 821 2054 contentus

144 2074 208 2110 est.
239 2073 370 2110 Caesar
396 2074 441 2110 do
461 2077 504 2110 Β.
525 2075 568 2110 C.
596 2077 659 2110 111.
679 2077 735 2119 46.
757 2079 824 2123 qui

133 2135 244 2181 sati-2⁴
267 2132 449 2180 habebant
472 2134 561 2178 fine
597 2135 822 2171 detrimento

144 2191 343 2237 dtsstedere.
365 2190 461 2238 Nep.
487 2191 524 2226 iu
545 2191 713 2236 Epamin.
736 2204 767 2226 e.
786 2200 822 2234 8.

144 2258 187 2284 ut
222 2249 503 2285 Lacedaemonii
523 2252 625 2296 satis
648 2249 823 2287 haberent

135 2305 178 2353 fi
197 2307 302 2349 falvi
319 2305 389 2352 effe
405 2307 559 2351 poffenc.
577 2318 609 2341 v.
630 2306 821 2342 Drakenb.

145 2362 194 2405 qd
216 2363 293 2398 Liv.
316 2363 362 2398 V.
381 2374 438 2397 2¹.

191 2428 250 2464 35.
286 2422 351 2469 qui
371 2430 525 2465 pararet
553 2421 695 2466 alium]
759 2423 824 2470 qui

144 2476 298 2526 ¹ponitur
327 2490 393 2524 pro
413 2490 476 2517 uc,
511 2487 550 2512 ut
581 2476 627 2511 ad
647 2475 822 2512 Andriam

143 2534 364 2570 notavimus.
426 2537 563 2571 Parare
593 2534 643 2571 est
677 2547 823 2582 compa-

145 2602 245 2631 tare.
291 2604 421 2626 emere.
456 2592 592 2627 catull.
624 2593 746 2628 earm.
773 2593 820 2628 X.

144 2655 204 2684 ιο.
227 2662 301 2686 non
320 2652 453 2697 poss‘ben
476 2661 557 2686 octo
576 2650 739 2687 homines
756 2664 822 2696 pa—

146 2717 232 2741 rare
257 2718 391 2742 rectos.
417 2706 479 2740 ubi
500 2720 529 2743 v.
561 2708 693 2742 Mutet.
716 2706 820 2742 Caes.

147 2759 195 2814 do
225 2762 265 2798 B.
295 2763 344 2800 G.
371 2762 436 2802 lv,
463 2777 498 2801 2.
537 2777 631 2813 quae
658 2767 818 2812 impensi>

898 1802 1041 1833 parant
1076 1791 1213 1834 pretio.
1251 1802 1279 1825 v.
1310 1788 1494 1826 Buchner.
1532 1790 1579 1826 de

901 1857 1124 1882 commutata
1141 1847 1284 1882 ratione
1299 1846 1449 1882 dicendi
1466 1862 1500 1897 p.
1523 1858 1578 1892 13.

900 1916 935 1940 et
954 1905 1071 1940 Gron.
1101 1903 1149 1939 ad
1176 1904 1304 1940 Senec.
1327 1904 1375 1941 de
1401 1905 1485 1941 ben.
1509 1908 1577 1945 IV.

902 1974 955 1997 η.

946 2020 1004 2063 36.
1027 2021 1139 2067 infra
1164 2019 1341 2065 infimos]
1400 2019 1425 2057 i.
1457 2032 1490 2057 e.
1518 2019 1579 2054 ab·

899 2077 1045 2118 iectim,
1082 2078 1310 2113 contemtim.
1334 2076 1444 2112 ovid.
1469 2078 1578 2115 Trist.

898 2135 946 2170 V.
977 2144 1010 2178 8.
1037 2148 1065 2171 1.
1087 2150 1163 2172 non
1189 2137 1284 2172 adeo
1307 2138 1427 2172 cecidi
1455 2149 1578 2185 quam-

897 2195 961 2229 vis
988 2194 1152 2230 abiectus
1177 2205 1217 2229 ut
1237 2194 1344 2238 infr-a
1369 2196 1417 2229 Te
1435 2207 1579 2241 quoque

889 2249 986 2295 sim,
1021 2252 1182 2293 inferius
1211 2265 1282 2300 quo
1304 2250 1401 2288 nihil
1417 2254 1485 2298 effi:
1507 2266 1578 2298 po-

899 2311 981 2355 tefi.

946 2372 1012 2407 38..
1031 2366 1077 2400 de
1089 2364 1252 2411 flamma
1265 2377 1324 2402 etc
1345 2369 1360 2408 ]
1395 2364 1420 2399 i.
1445 2378 1465 2399 e
1484 2364 1578 2399 adeo

898 2421 1109 2456 famelicum
1130 2433 1166 2457 et
1179 2417 1432 2471 impudehtem
1451 2433 1488 2458 te
1507 2422 1578 2457 esse

900 2479 1077 2523 arbitror,
1116 2491 1157 2517 ut
1188 2494 1232 2516 ex
1255 2479 1380 2515 medio
1407 2480 1492 2525 igne
1520 2479 1578 2514 vel

901 2548 984 2570 cum
1011 2537 1143 2583 capitis
1171 2538 1336 2586 periculo
1367 2537 1489 2573 cibum
1515 2550 1577 2583 pe-

898 2603 974 2628 tere
1000 2594 1121 2641 posfis.
1167 2595 1340 2631 Alludere
1358 2595 1501 2631 videtur
1528 2593 1576 2629 ad

899 2651 1128 2687 cilicernium
1169 2653 1226 2688 vel
1274 2666 1427 2689 coenam
1472 2652 1577 2687 fune-

896 2707 1018 2748 brem,
1046 2723 1140 2757 quae
1160 2710 1204 2746 ad
1226 2710 1329 2746 busta
1348 2720 1575 2746 mortuorum

898 2766 1123 2813 coquebatur
1146 2779 1167 2804 a
1191 2768 1413 2817 pauperibus
1441 2766 1576 2813 deripi·
