<?xml version="1.0" encoding="UTF-8"?>
<!DOCTYPE html PUBLIC "-//W3C//DTD XHTML 1.0 Transitional//EN"
    "http://www.w3.org/TR/xhtml1/DTD/xhtml1-transitional.dtd">
<html xmlns="http://www.w3.org/1999/xhtml" xml:lang="en" lang="en">
 <head>
  <title>
</title>
<meta http-equiv="Content-Type" content="text/html;charset=utf-8" />
  <meta name='ocr-system' content='tesseract 3.04.00' />
  <meta name='ocr-capabilities' content='ocr_page ocr_carea ocr_par ocr_line ocrx_word'/>
</head>
<body>
  <div class='ocr_page' id='page_1' title='image "./comoediaesex01tereuoft_0308.png"; bbox 0 0 1812 3100; ppageno 0'>
   <div class='ocr_carea' id='block_1_1' title="bbox 150 170 249 218">
    <p class='ocr_par' dir='ltr' id='par_1_1' title="bbox 150 170 249 218">
     <span class='ocr_line' id='line_1_1' title="bbox 150 170 249 218; baseline 0.03 -17"><span class='ocrx_word' id='word_1_1' title='bbox 150 170 249 218; x_wconf 87' lang='lat'>270</span> 
     </span>
    </p>
   </div>
   <div class='ocr_carea' id='block_1_2' title="bbox 243 279 1659 1034">
    <p class='ocr_par' dir='ltr' id='par_1_2' title="bbox 243 279 1659 1034">
     <span class='ocr_line' id='line_1_2' title="bbox 249 279 1656 346; baseline 0.004 -20"><span class='ocrx_word' id='word_1_2' title='bbox 249 279 398 344; x_wconf 81' lang='lat' dir='ltr'>Quem</span> <span class='ocrx_word' id='word_1_3' title='bbox 427 284 535 326; x_wconf 86' lang='lat' dir='ltr'>dum</span> <span class='ocrx_word' id='word_1_4' title='bbox 577 282 686 325; x_wconf 86' lang='lat' dir='ltr'>alius</span> <span class='ocrx_word' id='word_1_5' title='bbox 716 281 850 325; x_wconf 83' lang='lat' dir='ltr'>senex</span> <span class='ocrx_word' id='word_1_6' title='bbox 890 287 1074 326; x_wconf 90' lang='lat' dir='ltr'>nomine</span> <span class='ocrx_word' id='word_1_7' title='bbox 1104 281 1325 328; x_wconf 82' lang='lat' dir='ltr'><strong>Chremes</strong></span> <span class='ocrx_word' id='word_1_8' title='bbox 1355 290 1656 346; x_wconf 66' lang='lat' dir='ltr'>interrogavit</span> 
     </span>
     <span class='ocr_line' id='line_1_3' title="bbox 249 351 1656 409; baseline 0.004 -14"><span class='ocrx_word' id='word_1_9' title='bbox 249 354 353 409; x_wconf 87' lang='lat' dir='ltr'>quid</span> <span class='ocrx_word' id='word_1_10' title='bbox 376 352 464 394; x_wconf 87' lang='lat' dir='ltr'>hoc</span> <span class='ocrx_word' id='word_1_11' title='bbox 496 351 601 394; x_wconf 87' lang='lat' dir='ltr'>esset</span> <span class='ocrx_word' id='word_1_12' title='bbox 628 352 746 407; x_wconf 82' lang='lat' dir='ltr'>quod</span> <span class='ocrx_word' id='word_1_13' title='bbox 782 351 822 393; x_wconf 91' lang='lat' dir='ltr'>se</span> <span class='ocrx_word' id='word_1_14' title='bbox 854 352 924 395; x_wconf 88' lang='lat' dir='ltr'>die</span> <span class='ocrx_word' id='word_1_15' title='bbox 945 360 1163 408; x_wconf 80' lang='lat' dir='ltr'>nocteque</span> <span class='ocrx_word' id='word_1_16' title='bbox 1195 357 1256 395; x_wconf 89' lang='lat' dir='ltr'>ita</span> <span class='ocrx_word' id='word_1_17' title='bbox 1289 358 1506 398; x_wconf 87' lang='lat' dir='ltr'>cruciaret</span> <span class='ocrx_word' id='word_1_18' title='bbox 1533 370 1656 401; x_wconf 79' lang='lat' dir='ltr'>enar-</span> 
     </span>
     <span class='ocr_line' id='line_1_4' title="bbox 247 421 1656 478; baseline 0.003 -13"><span class='ocrx_word' id='word_1_19' title='bbox 247 426 451 476; x_wconf 85' lang='lat' dir='ltr'>ravitque</span> <span class='ocrx_word' id='word_1_20' title='bbox 494 424 533 462; x_wconf 92' lang='lat' dir='ltr'>ei</span> <span class='ocrx_word' id='word_1_21' title='bbox 572 434 753 463; x_wconf 88' lang='lat' dir='ltr'>omnem</span> <span class='ocrx_word' id='word_1_22' title='bbox 786 421 992 463; x_wconf 88' lang='lat' dir='ltr'>ordinem</span> <span class='ocrx_word' id='word_1_23' title='bbox 1035 425 1110 464; x_wconf 91' lang='lat' dir='ltr'>rei.</span> <span class='ocrx_word' id='word_1_24' title='bbox 1138 437 1361 478; x_wconf 90' lang='lat' dir='ltr'>quumque</span> <span class='ocrx_word' id='word_1_25' title='bbox 1398 423 1656 469; x_wconf 84' lang='lat' dir='ltr'>hortaretur</span> 
     </span>
     <span class='ocr_line' id='line_1_5' title="bbox 248 489 1656 550; baseline 0.004 -17"><span class='ocrx_word' id='word_1_26' title='bbox 248 506 351 534; x_wconf 88' lang='lat' dir='ltr'>eum</span> <span class='ocrx_word' id='word_1_27' title='bbox 372 489 601 548; x_wconf 87' lang='lat' dir='ltr'>paululum</span> <span class='ocrx_word' id='word_1_28' title='bbox 631 489 933 545; x_wconf 87' lang='lat' dir='ltr'>requiescere,</span> <span class='ocrx_word' id='word_1_29' title='bbox 966 493 1162 533; x_wconf 85' lang='lat' dir='ltr'>obtineri</span> <span class='ocrx_word' id='word_1_30' title='bbox 1190 507 1279 534; x_wconf 92' lang='lat' dir='ltr'>non</span> <span class='ocrx_word' id='word_1_31' title='bbox 1305 496 1466 550; x_wconf 89' lang='lat' dir='ltr'>potuit.</span> <span class='ocrx_word' id='word_1_32' title='bbox 1525 495 1656 539; x_wconf 91' lang='lat' dir='ltr'>Dice-</span> 
     </span>
     <span class='ocr_line' id='line_1_6' title="bbox 245 557 1658 619; baseline 0.005 -18"><span class='ocrx_word' id='word_1_33' title='bbox 245 561 324 601; x_wconf 90' lang='lat' dir='ltr'>bat</span> <span class='ocrx_word' id='word_1_34' title='bbox 347 564 489 602; x_wconf 87' lang='lat' dir='ltr'>enim:</span> <span class='ocrx_word' id='word_1_35' title='bbox 531 558 619 601; x_wconf 85' lang='lat' dir='ltr'>fine</span> <span class='ocrx_word' id='word_1_36' title='bbox 641 568 690 602; x_wconf 87' lang='lat' dir='ltr'>ut</span> <span class='ocrx_word' id='word_1_37' title='bbox 713 558 852 601; x_wconf 89' lang='lat' dir='ltr'>sumat</span> <span class='ocrx_word' id='word_1_38' title='bbox 872 557 985 601; x_wconf 85' lang='lat' dir='ltr'>filius</span> <span class='ocrx_word' id='word_1_39' title='bbox 1007 572 1132 602; x_wconf 89' lang='lat' dir='ltr'>meus</span> <span class='ocrx_word' id='word_1_40' title='bbox 1167 560 1221 602; x_wconf 91' lang='lat' dir='ltr'>de</span> <span class='ocrx_word' id='word_1_41' title='bbox 1253 575 1324 603; x_wconf 89' lang='lat' dir='ltr'>me</span> <span class='ocrx_word' id='word_1_42' title='bbox 1354 577 1532 619; x_wconf 88' lang='lat' dir='ltr'>poenas.</span> <span class='ocrx_word' id='word_1_43' title='bbox 1591 564 1658 608; x_wconf 87' lang='lat' dir='ltr'>At</span> 
     </span>
     <span class='ocr_line' id='line_1_7' title="bbox 245 628 1655 686; baseline 0.004 -15"><span class='ocrx_word' id='word_1_44' title='bbox 245 643 357 673; x_wconf 89' lang='lat' dir='ltr'>vero</span> <span class='ocrx_word' id='word_1_45' title='bbox 380 632 427 670; x_wconf 91' lang='lat' dir='ltr'>in</span> <span class='ocrx_word' id='word_1_46' title='bbox 460 631 670 686; x_wconf 87' lang='lat' dir='ltr'>proximo</span> <span class='ocrx_word' id='word_1_47' title='bbox 692 631 934 683; x_wconf 86' lang='lat' dir='ltr'>requievit,</span> <span class='ocrx_word' id='word_1_48' title='bbox 965 632 1171 683; x_wconf 89' lang='lat' dir='ltr'>quoniam</span> <span class='ocrx_word' id='word_1_49' title='bbox 1203 628 1316 674; x_wconf 85' lang='lat' dir='ltr'>filius</span> <span class='ocrx_word' id='word_1_50' title='bbox 1335 635 1428 674; x_wconf 88' lang='lat' dir='ltr'>eius</span> <span class='ocrx_word' id='word_1_51' title='bbox 1455 633 1655 678; x_wconf 87' lang='lat' dir='ltr'>reversus</span> 
     </span>
     <span class='ocr_line' id='line_1_8' title="bbox 247 696 1658 758; baseline 0.005 -19"><span class='ocrx_word' id='word_1_52' title='bbox 247 697 325 739; x_wconf 87' lang='lat' dir='ltr'>est.</span> <span class='ocrx_word' id='word_1_53' title='bbox 385 698 574 741; x_wconf 82' lang='lat' dir='ltr'>Caetera</span> <span class='ocrx_word' id='word_1_54' title='bbox 597 712 708 753; x_wconf 87' lang='lat' dir='ltr'>quae</span> <span class='ocrx_word' id='word_1_55' title='bbox 727 696 817 755; x_wconf 88' lang='lat' dir='ltr'>ipse</span> <span class='ocrx_word' id='word_1_56' title='bbox 833 705 967 754; x_wconf 88' lang='lat' dir='ltr'>poeta</span> <span class='ocrx_word' id='word_1_57' title='bbox 985 699 1099 739; x_wconf 76' lang='lat' dir='ltr'>miro</span> <span class='ocrx_word' id='word_1_58' title='bbox 1123 699 1258 741; x_wconf 90' lang='lat' dir='ltr'>modo</span> <span class='ocrx_word' id='word_1_59' title='bbox 1277 700 1447 750; x_wconf 87' lang='lat' dir='ltr'>dilatat,</span> <span class='ocrx_word' id='word_1_60' title='bbox 1477 701 1658 758; x_wconf 88' lang='lat' dir='ltr'>sequen-</span> 
     </span>
     <span class='ocr_line' id='line_1_9' title="bbox 244 764 1659 815; baseline 0.006 -8"><span class='ocrx_word' id='word_1_61' title='bbox 244 769 309 808; x_wconf 87' lang='lat' dir='ltr'>tia</span> <span class='ocrx_word' id='word_1_62' title='bbox 338 765 700 810; x_wconf 86' lang='lat' dir='ltr'>manifestabunt.</span> <span class='ocrx_word' id='word_1_63' title='bbox 769 764 897 809; x_wconf 88' lang='lat' dir='ltr'>Hanc</span> <span class='ocrx_word' id='word_1_64' title='bbox 933 774 1079 808; x_wconf 87' lang='lat' dir='ltr'>autem</span> <span class='ocrx_word' id='word_1_65' title='bbox 1109 767 1301 811; x_wconf 87' lang='lat' dir='ltr'>fabulam</span> <span class='ocrx_word' id='word_1_66' title='bbox 1324 766 1433 813; x_wconf 86' lang='lat' dir='ltr'>ficut</span> <span class='ocrx_word' id='word_1_67' title='bbox 1452 779 1497 813; x_wconf 79' lang='lat' dir='ltr'>et</span> <span class='ocrx_word' id='word_1_68' title='bbox 1516 781 1659 815; x_wconf 84' lang='lat' dir='ltr'>caete·</span> 
     </span>
     <span class='ocr_line' id='line_1_10' title="bbox 244 834 1654 895; baseline 0.005 -17"><span class='ocrx_word' id='word_1_69' title='bbox 244 850 318 879; x_wconf 87' lang='lat' dir='ltr'>ras</span> <span class='ocrx_word' id='word_1_70' title='bbox 338 836 592 878; x_wconf 86' lang='lat' dir='ltr'>Menander</span> <span class='ocrx_word' id='word_1_71' title='bbox 611 838 738 893; x_wconf 88' lang='lat' dir='ltr'>prius</span> <span class='ocrx_word' id='word_1_72' title='bbox 769 834 932 893; x_wconf 72' lang='lat' dir='ltr'>graeco</span> <span class='ocrx_word' id='word_1_73' title='bbox 957 836 1162 878; x_wconf 89' lang='lat' dir='ltr'>sermone</span> <span class='ocrx_word' id='word_1_74' title='bbox 1182 838 1441 895; x_wconf 88' lang='lat' dir='ltr'>composuit.</span> <span class='ocrx_word' id='word_1_75' title='bbox 1500 839 1654 884; x_wconf 85' lang='lat' dir='ltr'>Postea</span> 
     </span>
     <span class='ocr_line' id='line_1_11' title="bbox 243 904 1659 966; baseline 0.006 -19"><span class='ocrx_word' id='word_1_76' title='bbox 243 905 456 963; x_wconf 82' lang='lat' dir='ltr'>praesens</span> <span class='ocrx_word' id='word_1_77' title='bbox 491 908 694 949; x_wconf 87' lang='lat' dir='ltr'>comicus</span> <span class='ocrx_word' id='word_1_78' title='bbox 732 904 882 947; x_wconf 87' lang='lat' dir='ltr'>latinis</span> <span class='ocrx_word' id='word_1_79' title='bbox 915 918 1075 947; x_wconf 85' lang='lat' dir='ltr'>novam</span> <span class='ocrx_word' id='word_1_80' title='bbox 1103 905 1300 949; x_wconf 88' lang='lat' dir='ltr'>reddidit</span> <span class='ocrx_word' id='word_1_81' title='bbox 1333 923 1551 966; x_wconf 86' lang='lat' dir='ltr'>moreque</span> <span class='ocrx_word' id='word_1_82' title='bbox 1579 909 1659 954; x_wconf 84' lang='lat' dir='ltr'>suo</span> 
     </span>
     <span class='ocr_line' id='line_1_12' title="bbox 243 973 1384 1034; baseline 0.003 -18"><span class='ocrx_word' id='word_1_83' title='bbox 243 977 291 1016; x_wconf 89' lang='lat' dir='ltr'>in</span> <span class='ocrx_word' id='word_1_84' title='bbox 323 974 527 1033; x_wconf 87' lang='lat' dir='ltr'>prologis</span> <span class='ocrx_word' id='word_1_85' title='bbox 564 973 815 1016; x_wconf 86' lang='lat' dir='ltr'>maledictis</span> <span class='ocrx_word' id='word_1_86' title='bbox 840 973 1114 1016; x_wconf 87' lang='lat' dir='ltr'>aemulorum</span> <span class='ocrx_word' id='word_1_87' title='bbox 1144 975 1384 1034; x_wconf 82' lang='lat' dir='ltr'>respondit.</span> 
     </span>
    </p>
   </div>
   <div class='ocr_carea' id='block_1_3' title="bbox 629 1114 1278 1177">
    <p class='ocr_par' dir='ltr' id='par_1_3' title="bbox 629 1114 1278 1177">
     <span class='ocr_line' id='line_1_13' title="bbox 629 1114 1278 1177; baseline 0.003 -15"><span class='ocrx_word' id='word_1_88' title='bbox 629 1114 1278 1177; x_wconf 82' lang='lat' dir='ltr'>ARGUMENTUM.1)</span> 
     </span>
    </p>
   </div>
   <div class='ocr_carea' id='block_1_4' title="bbox 296 1219 1658 2040">
    <p class='ocr_par' dir='ltr' id='par_1_4' title="bbox 300 1219 1276 1280">
     <span class='ocr_line' id='line_1_14' title="bbox 300 1219 1276 1280; baseline 0 -14"><span class='ocrx_word' id='word_1_89' title='bbox 300 1222 351 1266; x_wconf 93' lang='lat' dir='ltr'>In</span> <span class='ocrx_word' id='word_1_90' title='bbox 383 1223 585 1265; x_wconf 88' lang='lat' dir='ltr'>militiam</span> <span class='ocrx_word' id='word_1_91' title='bbox 614 1219 835 1280; x_wconf 85' lang='lat' dir='ltr'>proficisci</span> <span class='ocrx_word' id='word_1_92' title='bbox 866 1230 1050 1279; x_wconf 88' lang='lat' dir='ltr'>gnatum</span> <span class='ocrx_word' id='word_1_93' title='bbox 1083 1222 1276 1267; x_wconf 86' lang='lat' dir='ltr'>Cliniam</span> 
     </span>
    </p>

    <p class='ocr_par' dir='ltr' id='par_1_5' title="bbox 296 1286 1424 1419">
     <span class='ocr_line' id='line_1_15' title="bbox 299 1286 1424 1352; baseline 0.003 -17"><span class='ocrx_word' id='word_1_94' title='bbox 299 1292 545 1336; x_wconf 81' lang='lat' dir='ltr'>Amantem</span> <span class='ocrx_word' id='word_1_95' title='bbox 567 1286 847 1348; x_wconf 75' lang='lat' dir='ltr'>Antiphilam</span> <span class='ocrx_word' id='word_1_96' title='bbox 871 1291 1091 1349; x_wconf 87' lang='lat' dir='ltr'>compulit</span> <span class='ocrx_word' id='word_1_97' title='bbox 1113 1293 1249 1338; x_wconf 81' lang='lat' dir='ltr'>durus</span> <span class='ocrx_word' id='word_1_98' title='bbox 1280 1302 1424 1352; x_wconf 84' lang='lat' dir='ltr'>pater,</span> 
     </span>
     <span class='ocr_line' id='line_1_16' title="bbox 296 1359 1260 1419; baseline -0.001 -13"><span class='ocrx_word' id='word_1_99' title='bbox 296 1361 543 1417; x_wconf 87' lang='lat' dir='ltr'>Animique</span> <span class='ocrx_word' id='word_1_100' title='bbox 561 1359 648 1402; x_wconf 86' lang='lat' dir='ltr'>sese</span> <span class='ocrx_word' id='word_1_101' title='bbox 667 1362 858 1417; x_wconf 84' lang='lat' dir='ltr'>angebat</span> <span class='ocrx_word' id='word_1_102' title='bbox 875 1361 980 1403; x_wconf 86' lang='lat' dir='ltr'>facti</span> <span class='ocrx_word' id='word_1_103' title='bbox 1002 1365 1260 1419; x_wconf 87' lang='lat' dir='ltr'>poenitens.</span> 
     </span>
    </p>

    <p class='ocr_par' dir='ltr' id='par_1_6' title="bbox 296 1427 1658 1682">
     <span class='ocr_line' id='line_1_17' title="bbox 298 1427 1658 1488; baseline -0.001 -13"><span class='ocrx_word' id='word_1_104' title='bbox 298 1431 415 1475; x_wconf 87' lang='lat' dir='ltr'>Mox</span> <span class='ocrx_word' id='word_1_105' title='bbox 432 1439 481 1473; x_wconf 88' lang='lat' dir='ltr'>ut</span> <span class='ocrx_word' id='word_1_106' title='bbox 505 1427 705 1473; x_wconf 84' lang='lat' dir='ltr'>reversus</span> <span class='ocrx_word' id='word_1_107' title='bbox 729 1428 805 1476; x_wconf 85' lang='lat' dir='ltr'>est,</span> <span class='ocrx_word' id='word_1_108' title='bbox 832 1430 870 1484; x_wconf 90' lang='lat'>²)</span> <span class='ocrx_word' id='word_1_109' title='bbox 904 1430 1015 1471; x_wconf 85' lang='lat' dir='ltr'>clam</span> <span class='ocrx_word' id='word_1_110' title='bbox 1038 1441 1210 1488; x_wconf 86' lang='lat' dir='ltr'>patrem</span> <span class='ocrx_word' id='word_1_111' title='bbox 1230 1436 1260 1487; x_wconf 75' lang='grc'>3)</span> <span class='ocrx_word' id='word_1_112' title='bbox 1286 1432 1535 1476; x_wconf 88' lang='lat' dir='ltr'>devertitur</span> <span class='ocrx_word' id='word_1_113' title='bbox 1549 1432 1590 1487; x_wconf 85' lang='lat'>⁴)</span> <span class='ocrx_word' id='word_1_114' title='bbox 1611 1430 1658 1488; x_wconf 71' lang='lat' dir='ltr'>*j</span> 
     </span>
     <span class='ocr_line' id='line_1_18' title="bbox 296 1499 1594 1557; baseline -0.002 -12"><span class='ocrx_word' id='word_1_115' title='bbox 296 1500 373 1546; x_wconf 89' lang='lat' dir='ltr'>Ad</span> <span class='ocrx_word' id='word_1_116' title='bbox 394 1501 712 1557; x_wconf 88' lang='lat' dir='ltr'>Clitiphonem.</span> <span class='ocrx_word' id='word_1_117' title='bbox 770 1499 814 1541; x_wconf 90' lang='lat' dir='ltr'>Is</span> <span class='ocrx_word' id='word_1_118' title='bbox 845 1499 882 1554; x_wconf 86' lang='lat'>⁵)</span> <span class='ocrx_word' id='word_1_119' title='bbox 914 1502 1087 1542; x_wconf 88' lang='lat' dir='ltr'>amabat</span> <span class='ocrx_word' id='word_1_120' title='bbox 1117 1499 1312 1543; x_wconf 87' lang='lat' dir='ltr'>scortum</span> <span class='ocrx_word' id='word_1_121' title='bbox 1336 1500 1594 1543; x_wconf 89' lang='lat' dir='ltr'>Bachidem.</span> 
     </span>
     <span class='ocr_line' id='line_1_19' title="bbox 299 1566 1599 1629; baseline 0 -17"><span class='ocrx_word' id='word_1_122' title='bbox 299 1570 417 1613; x_wconf 90' lang='lat' dir='ltr'>Cum</span> <span class='ocrx_word' id='word_1_123' title='bbox 441 1567 676 1611; x_wconf 86' lang='lat' dir='ltr'>accesseret</span> <span class='ocrx_word' id='word_1_124' title='bbox 700 1568 740 1623; x_wconf 77' lang='grc'>6)</span> <span class='ocrx_word' id='word_1_125' title='bbox 769 1572 963 1626; x_wconf 88' lang='lat' dir='ltr'>cupitam</span> <span class='ocrx_word' id='word_1_126' title='bbox 991 1570 1033 1623; x_wconf 87' lang='lat'>⁷)</span> <span class='ocrx_word' id='word_1_127' title='bbox 1069 1566 1351 1629; x_wconf 87' lang='lat' dir='ltr'>Antiphilam</span> <span class='ocrx_word' id='word_1_128' title='bbox 1385 1570 1530 1614; x_wconf 84' lang='lat' dir='ltr'>Clinia</span> <span class='ocrx_word' id='word_1_129' title='bbox 1552 1571 1599 1626; x_wconf 79' lang='lat'>⁸)</span> 
     </span>
     <span class='ocr_line' id='line_1_20' title="bbox 297 1637 1280 1682; baseline 0 -1"><span class='ocrx_word' id='word_1_130' title='bbox 297 1640 363 1682; x_wconf 90' lang='lat' dir='ltr'>Ut</span> <span class='ocrx_word' id='word_1_131' title='bbox 386 1643 479 1681; x_wconf 86' lang='lat' dir='ltr'>eius</span> <span class='ocrx_word' id='word_1_132' title='bbox 500 1637 658 1679; x_wconf 88' lang='lat' dir='ltr'>Bachis</span> <span class='ocrx_word' id='word_1_133' title='bbox 685 1642 807 1681; x_wconf 86' lang='lat' dir='ltr'>venit</span> <span class='ocrx_word' id='word_1_134' title='bbox 839 1641 976 1679; x_wconf 82' lang='lat' dir='ltr'>amica</span> <span class='ocrx_word' id='word_1_135' title='bbox 1002 1651 1052 1679; x_wconf 89' lang='lat' dir='ltr'>ac</span> <span class='ocrx_word' id='word_1_136' title='bbox 1082 1637 1280 1682; x_wconf 87' lang='lat' dir='ltr'>servolae</span> 
     </span>
    </p>

    <p class='ocr_par' dir='ltr' id='par_1_7' title="bbox 296 1706 1599 1972">
     <span class='ocr_line' id='line_1_21' title="bbox 297 1706 1599 1768; baseline 0.002 -18"><span class='ocrx_word' id='word_1_137' title='bbox 297 1708 516 1750; x_wconf 87' lang='lat' dir='ltr'>Habitum</span> <span class='ocrx_word' id='word_1_138' title='bbox 545 1721 706 1764; x_wconf 86' lang='lat' dir='ltr'>gerens</span> <span class='ocrx_word' id='word_1_139' title='bbox 731 1706 979 1763; x_wconf 85' lang='lat' dir='ltr'>Antiphila.</span> <span class='ocrx_word' id='word_1_140' title='bbox 1038 1708 1221 1750; x_wconf 85' lang='lat' dir='ltr'>Factum</span> <span class='ocrx_word' id='word_1_141' title='bbox 1241 1708 1289 1750; x_wconf 91' lang='lat' dir='ltr'>id</span> <span class='ocrx_word' id='word_1_142' title='bbox 1309 1723 1399 1763; x_wconf 87' lang='lat' dir='ltr'>quo</span> <span class='ocrx_word' id='word_1_143' title='bbox 1421 1718 1599 1768; x_wconf 83' lang='lat' dir='ltr'>patrem</span> 
     </span>
     <span class='ocr_line' id='line_1_22' title="bbox 298 1774 1423 1834; baseline -0.001 -14"><span class='ocrx_word' id='word_1_144' title='bbox 298 1777 446 1820; x_wconf 86' lang='lat' dir='ltr'>Suum</span> <span class='ocrx_word' id='word_1_145' title='bbox 477 1775 644 1818; x_wconf 89' lang='lat' dir='ltr'>celaret</span> <span class='ocrx_word' id='word_1_146' title='bbox 670 1775 884 1833; x_wconf 88' lang='lat' dir='ltr'>Clitipho.</span> <span class='ocrx_word' id='word_1_147' title='bbox 941 1776 1028 1817; x_wconf 89' lang='lat' dir='ltr'>Hic</span> <span class='ocrx_word' id='word_1_148' title='bbox 1057 1774 1233 1818; x_wconf 85' lang='lat' dir='ltr'>technis</span> <span class='ocrx_word' id='word_1_149' title='bbox 1253 1775 1357 1834; x_wconf 89' lang='lat' dir='ltr'>Syri</span> <span class='ocrx_word' id='word_1_150' title='bbox 1383 1778 1423 1834; x_wconf 90' lang='lat'>⁹)</span> 
     </span>
     <span class='ocr_line' id='line_1_23' title="bbox 297 1844 1358 1888; baseline -0.002 0"><span class='ocrx_word' id='word_1_151' title='bbox 297 1846 472 1888; x_wconf 89' lang='lat' dir='ltr'>Decem</span> <span class='ocrx_word' id='word_1_152' title='bbox 505 1848 646 1887; x_wconf 86' lang='lat' dir='ltr'>minas</span> <span class='ocrx_word' id='word_1_153' title='bbox 676 1844 983 1886; x_wconf 85' lang='lat' dir='ltr'>meretriculae</span> <span class='ocrx_word' id='word_1_154' title='bbox 1013 1846 1157 1887; x_wconf 80' lang='lat' dir='ltr'>aufert</span> <span class='ocrx_word' id='word_1_155' title='bbox 1188 1858 1211 1886; x_wconf 87' lang='lat' dir='ltr'>a</span> <span class='ocrx_word' id='word_1_156' title='bbox 1244 1845 1358 1887; x_wconf 90' lang='lat' dir='ltr'>sene.</span> 
     </span>
     <span class='ocr_line' id='line_1_24' title="bbox 296 1912 1264 1972; baseline -0.006 -12"><span class='ocrx_word' id='word_1_157' title='bbox 296 1914 533 1972; x_wconf 85' lang='lat' dir='ltr'>Antiphila</span> <span class='ocrx_word' id='word_1_158' title='bbox 563 1912 838 1970; x_wconf 85' lang='lat' dir='ltr'>Clitiphonis</span> <span class='ocrx_word' id='word_1_159' title='bbox 869 1917 1092 1970; x_wconf 86' lang='lat' dir='ltr'>reperitur</span> <span class='ocrx_word' id='word_1_160' title='bbox 1128 1912 1264 1955; x_wconf 87' lang='lat' dir='ltr'>soror.</span> 
     </span>
    </p>

    <p class='ocr_par' dir='ltr' id='par_1_8' title="bbox 297 1981 1422 2040">
     <span class='ocr_line' id='line_1_25' title="bbox 297 1981 1422 2040; baseline -0.004 -13"><span class='ocrx_word' id='word_1_161' title='bbox 297 1985 432 2028; x_wconf 84' lang='lat' dir='ltr'>Hanc</span> <span class='ocrx_word' id='word_1_162' title='bbox 469 1982 639 2032; x_wconf 87' lang='lat' dir='ltr'>Clinia,</span> <span class='ocrx_word' id='word_1_163' title='bbox 677 1983 804 2024; x_wconf 86' lang='lat' dir='ltr'>aliam</span> <span class='ocrx_word' id='word_1_164' title='bbox 835 1981 1034 2040; x_wconf 89' lang='lat' dir='ltr'>Clitipho</span> <span class='ocrx_word' id='word_1_165' title='bbox 1067 1997 1255 2026; x_wconf 86' lang='lat' dir='ltr'>uxorem</span> <span class='ocrx_word' id='word_1_166' title='bbox 1284 1982 1422 2025; x_wconf 88' lang='lat' dir='ltr'>ducit.</span> 
     </span>
    </p>
   </div>
   <div class='ocr_carea' id='block_1_5' title="bbox 1721 0 1812 1874">
    <p class='ocr_par' dir='ltr' id='par_1_9' title="bbox 1721 0 1812 1874">
     <span class='ocr_line' id='line_1_26' title="bbox 1721 0 1812 1874; baseline 0 0"><span class='ocrx_word' id='word_1_167' title='bbox 1721 0 1812 1874; x_wconf 95' lang='lat' dir='ltr'> </span> 
     </span>
    </p>
   </div>
   <div class='ocr_carea' id='block_1_6' title="bbox 304 2108 1657 2439">
    <p class='ocr_par' dir='ltr' id='par_1_10' title="bbox 304 2108 1657 2439">
     <span class='ocr_line' id='line_1_27' title="bbox 304 2108 1657 2157; baseline -0.002 -11"><span class='ocrx_word' id='word_1_168' title='bbox 304 2114 343 2157; x_wconf 76' lang='grc' dir='ltr'>ι)</span> <span class='ocrx_word' id='word_1_169' title='bbox 367 2112 418 2155; x_wconf 78' lang='lat' dir='ltr'>esc</span> <span class='ocrx_word' id='word_1_170' title='bbox 441 2109 597 2153; x_wconf 81' lang='lat' dir='ltr'>Sulpicii</span> <span class='ocrx_word' id='word_1_171' title='bbox 618 2108 863 2151; x_wconf 81' lang='lat' dir='ltr'>Apollinaris.</span> <span class='ocrx_word' id='word_1_172' title='bbox 889 2118 926 2143; x_wconf 78' lang='lat' dir='ltr'>ec</span> <span class='ocrx_word' id='word_1_173' title='bbox 947 2108 1088 2152; x_wconf 80' lang='lat' dir='ltr'>legitur·</span> <span class='ocrx_word' id='word_1_174' title='bbox 1106 2109 1147 2143; x_wconf 78' lang='lat' dir='ltr'>in</span> <span class='ocrx_word' id='word_1_175' title='bbox 1165 2108 1254 2143; x_wconf 78' lang='lat' dir='ltr'>edil.</span> <span class='ocrx_word' id='word_1_176' title='bbox 1283 2108 1396 2144; x_wconf 80' lang='lat' dir='ltr'>Zeun.</span> <span class='ocrx_word' id='word_1_177' title='bbox 1423 2110 1462 2142; x_wconf 89' lang='lat' dir='ltr'>T.</span> <span class='ocrx_word' id='word_1_178' title='bbox 1486 2109 1515 2142; x_wconf 82' lang='lat'>1.</span> <span class='ocrx_word' id='word_1_179' title='bbox 1533 2121 1574 2152; x_wconf 83' lang='lat' dir='ltr'>p.</span> <span class='ocrx_word' id='word_1_180' title='bbox 1587 2114 1657 2152; x_wconf 79' lang='lat'>225</span> 
     </span>
     <span class='ocr_line' id='line_1_28' title="bbox 350 2164 1651 2213; baseline 0 -11"><span class='ocrx_word' id='word_1_181' title='bbox 350 2169 518 2202; x_wconf 73' lang='lat' dir='ltr'>Ceterum</span> <span class='ocrx_word' id='word_1_182' title='bbox 535 2164 601 2199; x_wconf 80' lang='lat' dir='ltr'>hoc</span> <span class='ocrx_word' id='word_1_183' title='bbox 620 2174 895 2211; x_wconf 75' lang='lat' dir='ltr'>argumentum,</span> <span class='ocrx_word' id='word_1_184' title='bbox 929 2175 964 2197; x_wconf 80' lang='lat' dir='ltr'>et</span> <span class='ocrx_word' id='word_1_185' title='bbox 979 2165 1161 2211; x_wconf 76' lang='lat' dir='ltr'>prologus</span> <span class='ocrx_word' id='word_1_186' title='bbox 1191 2177 1304 2213; x_wconf 78' lang='lat' dir='ltr'>aeque</span> <span class='ocrx_word' id='word_1_187' title='bbox 1331 2178 1376 2200; x_wconf 83' lang='lat' dir='ltr'>ac</span> <span class='ocrx_word' id='word_1_188' title='bbox 1404 2177 1486 2201; x_wconf 78' lang='lat' dir='ltr'>tota</span> <span class='ocrx_word' id='word_1_189' title='bbox 1511 2178 1651 2202; x_wconf 81' lang='lat' dir='ltr'>comoe-</span> 
     </span>
     <span class='ocr_line' id='line_1_29' title="bbox 342 2220 1652 2269; baseline -0.002 -11"><span class='ocrx_word' id='word_1_190' title='bbox 342 2225 410 2260; x_wconf 83' lang='lat' dir='ltr'>dia</span> <span class='ocrx_word' id='word_1_191' title='bbox 429 2225 469 2257; x_wconf 88' lang='lat' dir='ltr'>in</span> <span class='ocrx_word' id='word_1_192' title='bbox 489 2223 562 2255; x_wconf 77' lang='lat' dir='ltr'>MS</span> <span class='ocrx_word' id='word_1_193' title='bbox 579 2224 716 2256; x_wconf 81' lang='lat' dir='ltr'>iunctis</span> <span class='ocrx_word' id='word_1_194' title='bbox 734 2220 898 2264; x_wconf 73' lang='lat' dir='ltr'>versibus</span> <span class='ocrx_word' id='word_1_195' title='bbox 917 2232 1081 2256; x_wconf 80' lang='lat' dir='ltr'>exarata</span> <span class='ocrx_word' id='word_1_196' title='bbox 1100 2224 1150 2267; x_wconf 81' lang='lat' dir='ltr'>esc</span> <span class='ocrx_word' id='word_1_197' title='bbox 1204 2226 1239 2259; x_wconf 92' lang='lat'>2)</span> <span class='ocrx_word' id='word_1_198' title='bbox 1267 2220 1361 2255; x_wconf 77' lang='lat' dir='ltr'>filius</span> <span class='ocrx_word' id='word_1_199' title='bbox 1415 2225 1451 2263; x_wconf 83' lang='lat'>3)</span> <span class='ocrx_word' id='word_1_200' title='bbox 1477 2221 1530 2255; x_wconf 88' lang='lat' dir='ltr'>vel</span> <span class='ocrx_word' id='word_1_201' title='bbox 1551 2232 1652 2269; x_wconf 79' lang='lat' dir='ltr'>patre</span> 
     </span>
     <span class='ocr_line' id='line_1_30' title="bbox 344 2274 1653 2324; baseline -0.001 -12"><span class='ocrx_word' id='word_1_202' title='bbox 344 2280 388 2324; x_wconf 85' lang='grc'>4)</span> <span class='ocrx_word' id='word_1_203' title='bbox 412 2279 466 2312; x_wconf 75' lang='lat' dir='ltr'>vel</span> <span class='ocrx_word' id='word_1_204' title='bbox 489 2278 675 2312; x_wconf 86' lang='lat' dir='ltr'>divertitur</span> <span class='ocrx_word' id='word_1_205' title='bbox 720 2275 754 2322; x_wconf 71' lang='lat'>*)</span> <span class='ocrx_word' id='word_1_206' title='bbox 779 2277 869 2313; x_wconf 82' lang='lat' dir='ltr'>edic.</span> <span class='ocrx_word' id='word_1_207' title='bbox 892 2274 1082 2311; x_wconf 84' lang='lat' dir='ltr'>divortitur</span> <span class='ocrx_word' id='word_1_208' title='bbox 1127 2274 1169 2324; x_wconf 72' lang='lat'>5)</span> <span class='ocrx_word' id='word_1_209' title='bbox 1196 2277 1361 2324; x_wconf 76' lang='lat' dir='ltr'>Clitipho</span> <span class='ocrx_word' id='word_1_210' title='bbox 1406 2280 1443 2319; x_wconf 89' lang='grc'>6)</span> <span class='ocrx_word' id='word_1_211' title='bbox 1467 2278 1521 2312; x_wconf 86' lang='lat' dir='ltr'>vel</span> <span class='ocrx_word' id='word_1_212' title='bbox 1542 2277 1653 2313; x_wconf 78' lang='lat' dir='ltr'>arces-</span> 
     </span>
     <span class='ocr_line' id='line_1_31' title="bbox 343 2332 1657 2382; baseline 0.001 -11"><span class='ocrx_word' id='word_1_213' title='bbox 343 2336 433 2371; x_wconf 85' lang='lat' dir='ltr'>seret</span> <span class='ocrx_word' id='word_1_214' title='bbox 452 2332 563 2379; x_wconf 80' lang='lat' dir='ltr'>ec&#39;fic</span> <span class='ocrx_word' id='word_1_215' title='bbox 583 2337 622 2370; x_wconf 85' lang='lat' dir='ltr'>in</span> <span class='ocrx_word' id='word_1_216' title='bbox 642 2335 733 2370; x_wconf 80' lang='lat' dir='ltr'>edic.</span> <span class='ocrx_word' id='word_1_217' title='bbox 783 2337 817 2378; x_wconf 89' lang='lat'>7)</span> <span class='ocrx_word' id='word_1_218' title='bbox 841 2332 894 2366; x_wconf 89' lang='lat' dir='ltr'>vel</span> <span class='ocrx_word' id='word_1_219' title='bbox 916 2333 1078 2378; x_wconf 85' lang='lat' dir='ltr'>cupitum</span> <span class='ocrx_word' id='word_1_220' title='bbox 1125 2334 1166 2379; x_wconf 81' lang='lat'>8)</span> <span class='ocrx_word' id='word_1_221' title='bbox 1183 2334 1277 2370; x_wconf 74' lang='lat' dir='ltr'>filius</span> <span class='ocrx_word' id='word_1_222' title='bbox 1295 2333 1505 2371; x_wconf 81' lang='lat' dir='ltr'>Menedemi</span> <span class='ocrx_word' id='word_1_223' title='bbox 1549 2335 1592 2382; x_wconf 88' lang='lat'>9)</span> <span class='ocrx_word' id='word_1_224' title='bbox 1607 2337 1657 2373; x_wconf 72' lang='lat' dir='ltr'>itt</span> 
     </span>
     <span class='ocr_line' id='line_1_32' title="bbox 343 2388 1032 2439; baseline -0.006 -10"><span class='ocrx_word' id='word_1_225' title='bbox 343 2394 413 2429; x_wconf 81' lang='lat' dir='ltr'>MS</span> <span class='ocrx_word' id='word_1_226' title='bbox 426 2391 489 2438; x_wconf 81' lang='lat' dir='ltr'>stc</span> <span class='ocrx_word' id='word_1_227' title='bbox 505 2394 690 2439; x_wconf 63' lang='lat' dir='ltr'>scriptum</span> <span class='ocrx_word' id='word_1_228' title='bbox 715 2394 766 2438; x_wconf 81' lang='lat' dir='ltr'>esc</span> <span class='ocrx_word' id='word_1_229' title='bbox 793 2390 930 2436; x_wconf 74' lang='lat' dir='ltr'>tecgnis</span> <span class='ocrx_word' id='word_1_230' title='bbox 960 2388 1032 2425; x_wconf 83' lang='lat' dir='ltr'>firi.</span> 
     </span>
    </p>
   </div>
   <div class='ocr_carea' id='block_1_7' title="bbox 802 2529 1088 2543">
    <p class='ocr_par' dir='ltr' id='par_1_11' title="bbox 802 2529 1088 2543">
     <span class='ocr_line' id='line_1_33' title="bbox 802 2529 1088 2543; baseline -0.01 0"><span class='ocrx_word' id='word_1_231' title='bbox 802 2529 1088 2543; x_wconf 58' lang='lat' dir='ltr'><em>m</em></span> 
     </span>
    </p>
   </div>
  </div>
 </body>
</html>
