1760 3086
330 165 391 220 14
874 155 1182 219 ΑΝΒΒΙΑ.

319 292 450 342 Ades
471 290 602 340 dum.
618 286 681 350 49)
712 291 905 340 Paucis
914 305 963 341 te
983 290 1126 341 volo.

319 364 514 426 Nempe
543 364 605 421 5¹)
641 372 700 406 ut
730 372 973 406 curentur
1005 372 1140 408 recte
1169 357 1307 407 haec.

679 423 827 473 aliud.
895 428 987 474 SO.
1020 425 1248 492 quidest,

1183 292 1274 340 SO.
1299 291 1504 340 Dietum
1527 264 1758 357 p‘utai5⁰)‘

1385 361 1450 408 SI.
1487 359 1639 408 immo
1670 364 1732 454 52)

317 492 465 560 Quod
488 491 581 540 tibi
604 510 715 539 mea
735 510 815 540 ars
842 491 1036 541 efficere
1059 492 1156 542 hoc
1174 498 1234 552 53)
1255 490 1401 559 possit
1427 492 1680 560 amplius?
1753 508 1760 520 ·

273 559 452 614 5Nihil
473 560 591 608 istac
625 577 767 624 opus
778 561 846 607 est
874 573 979 607 arte
1006 552 1070 608 ad
1091 560 1223 609 hanc
1241 577 1348 608 rem
1367 562 1430 620 54)
1467 579 1620 640 quam
1643 579 1731 628 pa-

669 644 726 674 ro
745 630 814 694 55)

313 694 408 745 Sed
432 693 510 747 his
533 695 571 754 *)
603 690 663 752 56)
703 710 831 759 quas
863 694 1083 759 semper'
1071 711 1122 741 m
1145 706 1194 741 te
1213 691 1442 742 intellexi
1464 691 1580 744 fitas

309 762 442 811 Fide
451 765 511 822 57)
546 774 596 809 et
616 761 970 808 taciturnitate.

1050 762 1143 809 SO.
1185 763 1406 824 Expecto
1438 762 1562 826 quid
1590 761 1727 811 velis.

312 833 376 880 SI.
411 830 516 895 Ego
536 828 805 892 postquam
836 840 885 875 te
916 828 1013 878 emi
1044 846 1074 875 a
1093 826 1321 893 parvulo,
1352 832 1413 893 58)
1449 841 1509 876 ut
1538 830 1728 896 semper

894 894 986 942 tibi

368 994 436 1052 ’49)
460 1016 532 1039 una
544 1017 624 1051 pars
638 1005 660 1038 i.
676 1001 1017 1051 e.quandoquidem
1038 1004 1136 1039 ades.
1181 1002 1378 1045 Dumades
1399 1015 1511 1052 prope
1530 1014 1726 1054 antequam

342 1088 344 1098 .
412 1061 558 1106 longius
579 1060 723 1095 recedas
744 1061 868 1107 paucis
890 1070 925 1095 te
945 1061 1039 1095 volo.
1083 1059 1285 1096 Iste'Sofias
1308 1060 1384 1095 eius
1405 1059 1520 1096 servus
1543 1060 1658 1097 fuerat
1676 1063 1729 1097 fe-

414 1127 582 1163 ceratque
605 1130 685 1151 eum
706 1116 874 1152 libertum
896 1117 1156 1151 commendans
1178 1117 1209 1150 ei
1229 1129 1289 1155 ea,
1320 1128 1412 1163 quae
1432 1117 1470 1151 in
1493 1116 1603 1152 domo
1622 1129 1659 1153 et
1678 1115 1737 1154 ad'

413 1173 610 1220 coquinam
638 1173 879 1219 pertinebant.
942 1174 1011 1208 Hie
1038 1187 1119 1220 ergo
1150 1173 1237 1207 dum
1265 1183 1411 1208 vocatus
1440 1172 1490 1208 est
1519 1172 1724 1215 adomino.

336 1258 342 1259 ff
410 1231 573 1280 putavit,
604 1242 686 1264 eum
714 1224 854 1276 aliquid
873 1229 963 1263 velle
992 1229 1109 1264 dicere
1129 1229 1173 1264 de
1192 1229 1270 1269 his,
1306 1241 1398 1276 quae
1421 1228 1468 1263 ad
1485 1229 1726 1267 ministerium

413 1289 490 1322 eius
518 1287 765 1334 pertinebant,
801 1298 841 1320 ac
861 1299 925 1333 pro
946 1286 1018 1321 hoc
1038 1286 1149 1321 dixit:
1186 1286 1324 1322 dictum
1343 1296 1452 1334 puta,
1470 1319 1471 1322 ,
1486 1285 1559 1321 hoc
1578 1287 1646 1327 est,
1671 1289 1724 1324 ita

410 1343 527 1384 bene,
562 1343 659 1391 quali
681 1344 752 1377 iam
773 1341 908 1377 dictum
931 1342 1079 1382 habeas.
1100 1342 1172 1377 scio
1192 1343 1302 1381 enim,
1333 1342 1422 1389 quid
1443 1342 1507 1377 vis.
1554 1344 1723 1380 Attamen

411 1399 475 1435 ille
495 1400 677 1448 cogitabat
696 1402 741 1434 de
762 1400 828 1434 filii
852 1400 968 1437 causa.
1014 1401 1079 1445 50)
1108 1399 1158 1434 ita
1180 1412 1237 1433 me
1257 1399 1344 1433 scire
1365 1398 1509 1438 credas,
1536 1399 1637 1446 quafi‘
1658 1402 1725 1441 mi-

409 1456 452 1491 hi
481 1457 553 1490 iam
582 1457 719 1492 dictum
748 1456 895 1491 habeas.
950 1457 1014 1503 5¹)
1042 1456 1115 1491 hoc
1145 1456 1196 1492 vis
1227 1455 1347 1491 dicere
1401 1455 1467 1502 52)
1491 1455 1574 1490 volo
1602 1454 1733 1493 dicere*

409 1514 475 1559 53)
501 1513 624 1548 officio
645 1526 727 1567 meo
781 1514 846 1559 54)
874 1513 898 1546 i.
928 1525 957 1548 e.
985 1513 1144 1559 nuptias.
1201 1515 1266 1559 55)
1294 1510 1447 1558 dispono
1502 1512 1650 1558 ⁴²)edic.
1674 1514 1720 1550 iis

408 1583 621 1620 quanquam
650 1581 763 1606 notae
789 1572 1007 1615 praeferunt
1035 1568 1106 1606 his.
1169 1569 1235 1615 56)
1270 1580 1362 1615 opus
1390 1566 1441 1604 est
1502 1568 1567 1614 57)
1601 1569 1641 1605 id
1668 1569 1720 1607 est

405 1625 479 1662 fide
523 1627 589 1672 58)
616 1639 637 1661 a
654 1626 821 1673 pueritia.

932 1707 1109 1716 .-.--.--

346 1785 382 1809 2.
406 1775 537 1819 paucis
559 1785 595 1809 te
620 1773 727 1818 volo]
763 1772 873 1822 plena
893 1784 970 1807 ora—

300 1831 355 1866 tio
386 1830 456 1866 est:
488 1834 620 1876 paucis
643 1831 770 1867 verbis
799 1842 835 1866 te
859 1831 968 1865 adlo-

302 1891 368 1938 qui
387 1889 494 1923 volo.

1046 1781 1136 1806 artes
1165 1769 1354 1809 dicuntur,
1388 1779 1430 1806 ut
1448 1766 1544 1817 apud
1570 1770 1715 1809 Sallust,

1046 1827 1156 1862 Catil.
1179 1840 1210 1861 c.
1228 1839 1261 1863 2.
1291 1830 1484 1871 imperium
1509 1828 1629 1866 facile
1655 1829 1714 1866 his
1759 1841 1760 1862 l

1044 1885 1190 1919 arcibus
1218 1886 1400 1920 retinetur-
1434 1885 1563 1933 quibus
1599 1888 1711 1922 initio
1759 1874 1760 1877 Ἴ

347 1946 487 1981 dictum
507 1943 625 1988 puta]
680 1941 718 1977 h.
747 1955 778 1977 e.
803 1941 967 1986 intelligo
1031 1941 1194 1985 factum.
1217 1938 1279 1972 ubi
1304 1952 1335 1972 v.
1356 1939 1535 1974 Conium.

300 2000 401 2049 quod
428 2001 534 2039 velis,
569 2000 655 2034 licet
681 1999 753 2032 iam
783 1997 876 2032 nihil
913 1998 968 2032 di-

299 2069 381 2100 cas;
408 2068 515 2104 atque
541 2056 632 2090 adeo
660 2065 768 2101 puta,
803 2066 838 2090 te
859 2055 965 2089 dixis-

296 2112 343 2148 Ie.
398 2113 572 2148 Similiter
592 2111 702 2150 Ovid
726 2112 878 2146 Metam.
898 2112 962 2148 IV.

295 2170 376 2216 476.
386 2171 502 2215 saeta
521 2180 625 2213 paca.

341 2239 374 2273 3.
402 2231 537 2274 immo]
588 2227 795 2263 adversandi
817 2239 861 2263 et
887 2241 962 2263 cor-

293 2284 436 2334 rigendi
455 2288 526 2320 vim
546 2285 683 2320 habet
675 2298 712 2318 111
736 2285 826 2321 Eun.
842 2286 904 2319 ΠΙ.
925 2293 959 2327 5.

292 2345 353 2380 60.
387 2347 496 2380 immo
535 2356 607 2388 apu
597 2342 638 2377 cd
674 2341 847 2377 libertum
886 2343 959 2377 Di-

310 2414 401 2437 cum.

288 2401 320 2446 s
338 2464 373 2501 4.
400 2456 492 2500 ars]
542 2467 596 2489 ars
616 2453 679 2487 hic
701 2433 833 2487 dicitnr
848 2451 959 2487 scien-

290 2514 343 2550 tia
365 2511 560 2560 loquendi,
586 2509 646 2545 sed
666 2509 736 2543 late
761 2518 860 2555 patet
884 2507 957 2542 hoe

290 2583 423 2609 nomen
459 2579 493 2603 et
522 2568 560 2601 in
592 2578 780 2612 utramque
818 2575 956 2612 partem

289 2626 464 2672 fignificat
485 2639 629 2659 omnem
656 2622 901 2658 dexteritatem
921 2631 956 2656 et

288 2683 469 2719 solertiam
497 2693 618 2730 aptam
637 2681 682 2715 ad
713 2677 851 2726 aliquid
879 2690 956 2725 per—

288 2739 505 2783 ficiendum;
535 2740 657 2786 itaque
684 2738 828 2772 virtutes
846 2734 956 2770 etiam

1087 1998 1120 2031 6.
1146 1999 1186 2030 in
1206 2007 1241 2030 te
1260 1996 1565 2041 intellexifitas]
1615 1995 1653 2031 h.
1678 2010 1711 2032 e.
1753 2004 1755 2006 ’

1041 2052 1203 2087 intellexi
1223 2052 1260 2086 in
1278 2063 1314 2086 te
1333 2050 1412 2090 effe,
1443 2051 1571 2087 in'Ad.
1589 2053 1626 2086 in
1645 2054 1710 2089 ΙΙΙ.

1039 2115 1074 2151 4.
1092 2121 1125 2154 9.
1145 2112 1183 2144 in
1203 2121 1238 2144 te
1255 2113 1342 2156 spes
1368 2112 1489 2145 omnis
1510 2110 1615 2145 nohis
1625 2110 1708 2154 fila

1038 2169 1108 2212 est,
1148 2166 1185 2199 in
1214 2166 1360 2202 Phorm.
1385 2167 1448 2200 III.
1481 2178 1511 2200 1.
1539 2166 1575 2200 6.
1601 2170 1708 2203 cuius

1038 2235 1134 2257 nunc
1152 2224 1303 2267 miser-ae
1320 2225 1410 2270 spes
1437 2224 1595 2269 opesque
1613 2226 1707 2270 sune

1036 2282 1076 2314 in
1101 2290 1138 2313 ce
1164 2293 1235 2314 ιιηο
1257 2292 1393 2315 omnes·
1403 2280 1514 2325 sitae.

1081 2343 1114 2376 8.
1148 2347 1171 2368 a
1197 2336 1384 2380 parvulo]
1440 2335 1577 2371 scilieet
1604 2348 1703 2376 curo,

979 2410 983 2415 ·
1034 2392 1071 2428 h.
1094 2404 1124 2425 e.
1148 2403 1168 2425 a
1191 2391 1305 2437 prima
1324 2402 1440 2427 aetate
1464 2392 1502 2428 in
1522 2392 1590 2427 Ad.
1618 2393 1647 2428 1.
1672 2405 1705 2427 ι.

1033 2457 1089 2490 23.
1113 2450 1232 2485 eduaei
1264 2462 1287 2483 a
1317 2450 1480 2494 parvulo
1498 2461 1563 2496 pro
1583 2461 1655 2495 quo
1678 2462 1704 2484 a

1031 2509 1158 2550 pueris
1189 2505 1279 2540 dicit
1306 2505 1345 2539 in
1372 2506 1503 2539 Heaut.
1527 2505 1572 2538 11.
1606 2517 1635 2538 1.
1665 2517 1700 2540 2.

1032 2561 1070 2595 Si
1084 2561 1128 2595 de
1147 2560 1345 2595 unosermo
1359 2560 1419 2600 est,
1441 2574 1466 2595 a
1481 2563 1645 2606 par-vulo
1665 2571 1702 2597 et

1032 2631 1056 2652 a
1073 2632 1198 2663 puero,
1223 2616 1250 2651 Γι
1269 2617 1314 2651 de
1333 2616 1495 2664 pluribus
1515 2631 1539 2651 a
1555 2631 1699 2661 parvu-
1717 2638 1730 2647 a

1031 2678 1082 2710 lis
1113 2686 1148 2710 et
1172 2689 1196 2709 a
1215 2678 1354 2719 pueris.
1384 2675 1514 2708 Graeci
1538 2673 1700 2709 fimiliter

1032 2730 1074 2766 ἐκ
1107 2726 1243 2773 παιδός
1270 2741 1306 2766 et
1339 2730 1380 2765 ἐκ
1414 2725 1572 2768 παίδων.
1628 2731 1699 2771 ‚Ve⁶
