<?xml version="1.0" encoding="UTF-8"?>
<!DOCTYPE html PUBLIC "-//W3C//DTD XHTML 1.0 Transitional//EN"
    "http://www.w3.org/TR/xhtml1/DTD/xhtml1-transitional.dtd">
<html xmlns="http://www.w3.org/1999/xhtml" xml:lang="en" lang="en">
 <head>
  <title>
</title>
<meta http-equiv="Content-Type" content="text/html;charset=utf-8" />
  <meta name='ocr-system' content='tesseract 3.04.00' />
  <meta name='ocr-capabilities' content='ocr_page ocr_carea ocr_par ocr_line ocrx_word'/>
</head>
<body>
  <div class='ocr_page' id='page_1' title='image "./comoediaesex01tereuoft_0017.png"; bbox 0 0 1696 3112; ppageno 0'>
   <div class='ocr_carea' id='block_1_1' title="bbox 1444 163 1515 200">
    <p class='ocr_par' dir='ltr' id='par_1_1' title="bbox 1444 163 1515 200">
     <span class='ocr_line' id='line_1_1' title="bbox 1444 163 1515 200; baseline 0 -5"><span class='ocrx_word' id='word_1_1' title='bbox 1444 163 1515 200; x_wconf 63' lang='grc' dir='ltr'>,Χῖ</span> 
     </span>
    </p>
   </div>
   <div class='ocr_carea' id='block_1_2' title="bbox 0 0 96 823">
    <p class='ocr_par' dir='ltr' id='par_1_2' title="bbox 0 0 96 823">
     <span class='ocr_line' id='line_1_2' title="bbox 0 0 96 396; baseline 0 0"><span class='ocrx_word' id='word_1_2' title='bbox 0 0 96 396; x_wconf 95' lang='lat' dir='ltr'>  </span> 
     </span>
     <span class='ocr_line' id='line_1_3' title="bbox 0 396 37 823; baseline 0 2289"><span class='ocrx_word' id='word_1_3' title='bbox 0 396 37 823; x_wconf 95' lang='lat' dir='ltr'> </span> 
     </span>
    </p>
   </div>
   <div class='ocr_carea' id='block_1_3' title="bbox 5 285 1532 2367">
    <p class='ocr_par' dir='ltr' id='par_1_3' title="bbox 14 285 1520 891">
     <span class='ocr_line' id='line_1_4' title="bbox 31 285 1515 359; baseline -0.003 -19"><span class='ocrx_word' id='word_1_4' title='bbox 31 315 42 349; x_wconf 52' lang='lat'>„-</span> <span class='ocrx_word' id='word_1_5' title='bbox 82 289 245 359; x_wconf 76' lang='lat' dir='ltr'>griori</span> <span class='ocrx_word' id='word_1_6' title='bbox 276 286 645 355; x_wconf 79' lang='lat' dir='ltr'>superinduxit,</span> <span class='ocrx_word' id='word_1_7' title='bbox 699 295 749 334; x_wconf 88' lang='lat' dir='ltr'>et</span> <span class='ocrx_word' id='word_1_8' title='bbox 766 288 976 334; x_wconf 88' lang='lat' dir='ltr'>nomina</span> <span class='ocrx_word' id='word_1_9' title='bbox 1000 285 1344 354; x_wconf 85' lang='lat' dir='ltr'>loquentium,</span> <span class='ocrx_word' id='word_1_10' title='bbox 1378 301 1515 352; x_wconf 87' lang='lat' dir='ltr'>quae</span> 
     </span>
     <span class='ocr_line' id='line_1_5' title="bbox 87 375 1516 451; baseline -0.004 -20.292"><span class='ocrx_word' id='word_1_11' title='bbox 87 383 310 451; x_wconf 83' lang='lat' dir='ltr'>primum</span> <span class='ocrx_word' id='word_1_12' title='bbox 341 390 631 427; x_wconf 76' lang='lat' dir='ltr'>atramento</span> <span class='ocrx_word' id='word_1_13' title='bbox 673 375 853 443; x_wconf 89' lang='lat' dir='ltr'>scripta</span> <span class='ocrx_word' id='word_1_14' title='bbox 897 390 1066 438; x_wconf 88' lang='lat' dir='ltr'>erant,</span> <span class='ocrx_word' id='word_1_15' title='bbox 1127 380 1286 426; x_wconf 90' lang='lat' dir='ltr'>minio</span> <span class='ocrx_word' id='word_1_16' title='bbox 1335 376 1516 437; x_wconf 88' lang='lat' dir='ltr'>illevit;</span> 
     </span>
     <span class='ocr_line' id='line_1_6' title="bbox 19 467 1514 540; baseline -0.003 -18"><span class='ocrx_word' id='word_1_17' title='bbox 19 488 21 490; x_wconf 85' lang='grc'><strong><em>·</em></strong></span> <span class='ocrx_word' id='word_1_18' title='bbox 85 470 263 540; x_wconf 86' lang='lat' dir='ltr'>postea</span> <span class='ocrx_word' id='word_1_19' title='bbox 293 483 468 519; x_wconf 90' lang='lat' dir='ltr'>tamen</span> <span class='ocrx_word' id='word_1_20' title='bbox 497 467 603 536; x_wconf 91' lang='lat' dir='ltr'>ipse</span> <span class='ocrx_word' id='word_1_21' title='bbox 642 467 801 518; x_wconf 89' lang='lat' dir='ltr'>scriba</span> <span class='ocrx_word' id='word_1_22' title='bbox 837 471 892 516; x_wconf 91' lang='lat' dir='ltr'>in</span> <span class='ocrx_word' id='word_1_23' title='bbox 924 469 1188 518; x_wconf 85' lang='lat' dir='ltr'>exarandis</span> <span class='ocrx_word' id='word_1_24' title='bbox 1222 468 1514 518; x_wconf 82' lang='lat' dir='ltr'>nominibus</span> 
     </span>
     <span class='ocr_line' id='line_1_7' title="bbox 23 558 1518 613; baseline -0.002 -1"><span class='ocrx_word' id='word_1_25' title='bbox 23 579 28 583; x_wconf 92' lang='lat'>·</span> <span class='ocrx_word' id='word_1_26' title='bbox 64 563 247 613; x_wconf 79' lang='lat' dir='ltr'>¹rubro</span> <span class='ocrx_word' id='word_1_27' title='bbox 269 561 445 612; x_wconf 88' lang='lat' dir='ltr'>colore</span> <span class='ocrx_word' id='word_1_28' title='bbox 467 559 580 610; x_wconf 87' lang='lat' dir='ltr'>usus</span> <span class='ocrx_word' id='word_1_29' title='bbox 615 558 697 610; x_wconf 87' lang='lat' dir='ltr'>est.</span> <span class='ocrx_word' id='word_1_30' title='bbox 763 561 867 609; x_wconf 70' lang='lat' dir='ltr'>Per</span> <span class='ocrx_word' id='word_1_31' title='bbox 883 573 1045 609; x_wconf 88' lang='lat' dir='ltr'>totum</span> <span class='ocrx_word' id='word_1_32' title='bbox 1079 561 1314 610; x_wconf 86' lang='lat' dir='ltr'>codicem</span> <span class='ocrx_word' id='word_1_33' title='bbox 1337 577 1518 609; x_wconf 87' lang='lat' dir='ltr'>recen·</span> 
     </span>
     <span class='ocr_line' id='line_1_8' title="bbox 61 634 1518 713; baseline -0.003 -9"><span class='ocrx_word' id='word_1_34' title='bbox 61 656 188 706; x_wconf 69' lang='lat' dir='ltr'>“tior</span> <span class='ocrx_word' id='word_1_35' title='bbox 215 634 402 703; x_wconf 34' lang='lat' dir='ltr'>&#39;manus</span> <span class='ocrx_word' id='word_1_36' title='bbox 439 652 656 702; x_wconf 88' lang='lat' dir='ltr'>multum</span> <span class='ocrx_word' id='word_1_37' title='bbox 695 654 978 712; x_wconf 84' lang='lat' dir='ltr'>innovavit,</span> <span class='ocrx_word' id='word_1_38' title='bbox 1027 652 1275 701; x_wconf 89' lang='lat' dir='ltr'>lectiones</span> <span class='ocrx_word' id='word_1_39' title='bbox 1315 652 1518 713; x_wconf 84' lang='lat' dir='ltr'>delevit,</span> 
     </span>
     <span class='ocr_line' id='line_1_9' title="bbox 90 744 1520 813; baseline -0.003 -17"><span class='ocrx_word' id='word_1_40' title='bbox 90 746 212 807; x_wconf 76' lang='lat' dir='ltr'>alias</span> <span class='ocrx_word' id='word_1_41' title='bbox 232 744 539 809; x_wconf 84' lang='lat' dir='ltr'><strong>introduxit,</strong></span> <span class='ocrx_word' id='word_1_42' title='bbox 580 760 755 813; x_wconf 88' lang='lat' dir='ltr'>neque</span> <span class='ocrx_word' id='word_1_43' title='bbox 773 760 803 791; x_wconf 89' lang='lat' dir='ltr'>a</span> <span class='ocrx_word' id='word_1_44' title='bbox 820 744 1076 794; x_wconf 88' lang='lat' dir='ltr'>mutandis</span> <span class='ocrx_word' id='word_1_45' title='bbox 1096 745 1520 812; x_wconf 87' lang='lat' dir='ltr'>interpunctioni-</span> 
     </span>
     <span class='ocr_line' id='line_1_10' title="bbox 83 835 460 891; baseline -0.011 -1"><span class='ocrx_word' id='word_1_46' title='bbox 83 836 187 891; x_wconf 70' lang='lat' dir='ltr'>‘bus</span> <span class='ocrx_word' id='word_1_47' title='bbox 211 835 460 887; x_wconf 86' lang='lat' dir='ltr'>abstinuit.</span> 
     </span>
    </p>

    <p class='ocr_par' dir='ltr' id='par_1_4' title="bbox 85 925 1522 1460">
     <span class='ocr_line' id='line_1_11' title="bbox 230 925 1520 994; baseline 0.001 -18"><span class='ocrx_word' id='word_1_48' title='bbox 230 928 383 994; x_wconf 84' lang='lat' dir='ltr'>Quae</span> <span class='ocrx_word' id='word_1_49' title='bbox 411 926 660 976; x_wconf 89' lang='lat' dir='ltr'>hactenus</span> <span class='ocrx_word' id='word_1_50' title='bbox 687 926 754 975; x_wconf 89' lang='lat' dir='ltr'>de</span> <span class='ocrx_word' id='word_1_51' title='bbox 785 925 950 974; x_wconf 88' lang='lat' dir='ltr'>forma</span> <span class='ocrx_word' id='word_1_52' title='bbox 970 926 1231 976; x_wconf 85' lang='lat' dir='ltr'>literarum</span> <span class='ocrx_word' id='word_1_53' title='bbox 1261 929 1520 993; x_wconf 80' lang='lat' dir='ltr'>totiusque</span> 
     </span>
     <span class='ocr_line' id='line_1_12' title="bbox 85 1001 1522 1087; baseline -0.005 -13"><span class='ocrx_word' id='word_1_54' title='bbox 85 1001 290 1074; x_wconf 62' lang='lat' dir='ltr'>&lt;codicis</span> <span class='ocrx_word' id='word_1_55' title='bbox 311 1031 520 1087; x_wconf 78' lang='lat' dir='ltr'>externa</span> <span class='ocrx_word' id='word_1_56' title='bbox 543 1018 611 1066; x_wconf 88' lang='lat' dir='ltr'>ad</span> <span class='ocrx_word' id='word_1_57' title='bbox 633 1017 1013 1066; x_wconf 88' lang='lat' dir='ltr'>diiudicandam</span> <span class='ocrx_word' id='word_1_58' title='bbox 1038 1021 1143 1067; x_wconf 89' lang='lat' dir='ltr'>eius</span> <span class='ocrx_word' id='word_1_59' title='bbox 1169 1020 1522 1085; x_wconf 85' lang='lat' dir='ltr'>antiquitatem</span> 
     </span>
     <span class='ocr_line' id='line_1_13' title="bbox 93 1108 1518 1182; baseline -0.001 -22"><span class='ocrx_word' id='word_1_60' title='bbox 93 1110 364 1182; x_wconf 82' lang='lat' dir='ltr'>disputavi,</span> <span class='ocrx_word' id='word_1_61' title='bbox 413 1127 476 1159; x_wconf 84' lang='lat' dir='ltr'>ex</span> <span class='ocrx_word' id='word_1_62' title='bbox 507 1108 782 1175; x_wconf 87' lang='lat' dir='ltr'>specimine</span> <span class='ocrx_word' id='word_1_63' title='bbox 818 1108 1122 1158; x_wconf 83' lang='lat' dir='ltr'>characteris</span> <span class='ocrx_word' id='word_1_64' title='bbox 1157 1113 1211 1158; x_wconf 91' lang='lat' dir='ltr'>in</span> <span class='ocrx_word' id='word_1_65' title='bbox 1245 1128 1330 1160; x_wconf 88' lang='lat' dir='ltr'>aes</span> <span class='ocrx_word' id='word_1_66' title='bbox 1362 1108 1518 1159; x_wconf 89' lang='lat' dir='ltr'>inciso</span> 
     </span>
     <span class='ocr_line' id='line_1_14' title="bbox 90 1198 1522 1269; baseline -0.003 -16"><span class='ocrx_word' id='word_1_67' title='bbox 90 1206 146 1253; x_wconf 86' lang='lat' dir='ltr'>in</span> <span class='ocrx_word' id='word_1_68' title='bbox 166 1201 390 1252; x_wconf 88' lang='lat' dir='ltr'>secundo</span> <span class='ocrx_word' id='word_1_69' title='bbox 413 1198 562 1248; x_wconf 88' lang='lat' dir='ltr'>huius</span> <span class='ocrx_word' id='word_1_70' title='bbox 587 1199 823 1248; x_wconf 85' lang='lat' dir='ltr'>editionis</span> <span class='ocrx_word' id='word_1_71' title='bbox 843 1212 1001 1261; x_wconf 89' lang='lat' dir='ltr'>tomo,</span> <span class='ocrx_word' id='word_1_72' title='bbox 1021 1200 1327 1268; x_wconf 85' lang='lat' dir='ltr'>propediem</span> <span class='ocrx_word' id='word_1_73' title='bbox 1348 1201 1522 1269; x_wconf 87' lang='lat' dir='ltr'>prodi-</span> 
     </span>
     <span class='ocr_line' id='line_1_15' title="bbox 88 1290 1521 1355; baseline -0.003 -9"><span class='ocrx_word' id='word_1_74' title='bbox 88 1305 232 1355; x_wconf 87' lang='lat' dir='ltr'>turo,</span> <span class='ocrx_word' id='word_1_75' title='bbox 263 1292 497 1344; x_wconf 80' lang='lat' dir='ltr'>clariora</span> <span class='ocrx_word' id='word_1_76' title='bbox 528 1290 654 1341; x_wconf 85' lang='lat' dir='ltr'>fient</span> <span class='ocrx_word' id='word_1_77' title='bbox 685 1304 735 1341; x_wconf 91' lang='lat' dir='ltr'>et</span> <span class='ocrx_word' id='word_1_78' title='bbox 768 1294 986 1341; x_wconf 87' lang='lat' dir='ltr'>certiora</span> <span class='ocrx_word' id='word_1_79' title='bbox 1006 1292 1284 1342; x_wconf 87' lang='lat' dir='ltr'>lectoribus</span> <span class='ocrx_word' id='word_1_80' title='bbox 1305 1295 1422 1342; x_wconf 88' lang='lat' dir='ltr'>artis</span> <span class='ocrx_word' id='word_1_81' title='bbox 1445 1292 1521 1343; x_wconf 86' lang='lat' dir='ltr'>di-</span> 
     </span>
     <span class='ocr_line' id='line_1_16' title="bbox 91 1385 619 1460; baseline 0 -26"><span class='ocrx_word' id='word_1_82' title='bbox 91 1385 408 1460; x_wconf 86' lang='lat' dir='ltr'>plomaticae</span> <span class='ocrx_word' id='word_1_83' title='bbox 438 1386 619 1451; x_wconf 80' lang='lat' dir='ltr'>gnariS.</span> 
     </span>
    </p>

    <p class='ocr_par' dir='ltr' id='par_1_5' title="bbox 2 1471 1532 2370">
     <span class='ocr_line' id='line_1_17' title="bbox 231 1471 1523 1543; baseline 0 -19"><span class='ocrx_word' id='word_1_84' title='bbox 231 1477 395 1525; x_wconf 83' lang='lat' dir='ltr'>Totus</span> <span class='ocrx_word' id='word_1_85' title='bbox 439 1475 608 1524; x_wconf 87' lang='lat' dir='ltr'>codex</span> <span class='ocrx_word' id='word_1_86' title='bbox 636 1472 860 1540; x_wconf 79' lang='lat' dir='ltr'>repletus</span> <span class='ocrx_word' id='word_1_87' title='bbox 891 1471 958 1523; x_wconf 87' lang='lat' dir='ltr'>est</span> <span class='ocrx_word' id='word_1_88' title='bbox 990 1473 1187 1524; x_wconf 84' lang='lat' dir='ltr'>scholiis</span> <span class='ocrx_word' id='word_1_89' title='bbox 1217 1474 1324 1537; x_wconf 62' lang='lat' dir='ltr'>fivef</span> <span class='ocrx_word' id='word_1_90' title='bbox 1347 1473 1523 1543; x_wconf 83' lang='lat' dir='ltr'>gloffis‚</span> 
     </span>
     <span class='ocr_line' id='line_1_18' title="bbox 95 1564 1525 1634; baseline 0.001 -19.884"><span class='ocrx_word' id='word_1_91' title='bbox 95 1580 234 1634; x_wconf 85' lang='lat' dir='ltr'>quae</span> <span class='ocrx_word' id='word_1_92' title='bbox 254 1565 467 1633; x_wconf 82' lang='lat' dir='ltr'>scriptae</span> <span class='ocrx_word' id='word_1_93' title='bbox 488 1564 597 1614; x_wconf 90' lang='lat' dir='ltr'>sunt</span> <span class='ocrx_word' id='word_1_94' title='bbox 614 1565 1037 1634; x_wconf 28' lang='lat' dir='ltr'>literisxexilibus‚</span> <span class='ocrx_word' id='word_1_95' title='bbox 1071 1567 1228 1634; x_wconf 85' lang='lat' dir='ltr'>longe</span> <span class='ocrx_word' id='word_1_96' title='bbox 1252 1570 1525 1632; x_wconf 80' lang='lat' dir='ltr'>maximam</span> 
     </span>
     <span class='ocr_line' id='line_1_19' title="bbox 96 1655 1526 1726; baseline 0.001 -20"><span class='ocrx_word' id='word_1_97' title='bbox 96 1670 320 1726; x_wconf 86' lang='lat' dir='ltr'>partem,</span> <span class='ocrx_word' id='word_1_98' title='bbox 354 1655 445 1707; x_wconf 75' lang='lat' dir='ltr'>nisi</span> <span class='ocrx_word' id='word_1_99' title='bbox 462 1674 548 1706; x_wconf 88' lang='lat' dir='ltr'>me</span> <span class='ocrx_word' id='word_1_100' title='bbox 572 1659 743 1705; x_wconf 91' lang='lat' dir='ltr'>omnia</span> <span class='ocrx_word' id='word_1_101' title='bbox 768 1656 963 1720; x_wconf 84' lang='lat' dir='ltr'>fallunt,</span> <span class='ocrx_word' id='word_1_102' title='bbox 986 1658 1050 1706; x_wconf 93' lang='lat' dir='ltr'>ab</span> <span class='ocrx_word' id='word_1_103' title='bbox 1071 1657 1177 1725; x_wconf 92' lang='lat' dir='ltr'>ipso</span> <span class='ocrx_word' id='word_1_104' title='bbox 1198 1659 1391 1708; x_wconf 92' lang='lat' dir='ltr'>codicis</span> <span class='ocrx_word' id='word_1_105' title='bbox 1412 1658 1526 1708; x_wconf 88' lang='lat' dir='ltr'>scri-</span> 
     </span>
     <span class='ocr_line' id='line_1_20' title="bbox 97 1744 1526 1818; baseline -0.001 -19"><span class='ocrx_word' id='word_1_106' title='bbox 97 1748 181 1799; x_wconf 90' lang='lat' dir='ltr'>ba.</span> <span class='ocrx_word' id='word_1_107' title='bbox 246 1748 394 1801; x_wconf 85' lang='lat' dir='ltr'>Idem</span> <span class='ocrx_word' id='word_1_108' title='bbox 426 1744 493 1798; x_wconf 87' lang='lat' dir='ltr'>est</span> <span class='ocrx_word' id='word_1_109' title='bbox 522 1759 883 1810; x_wconf 89' lang='lat' dir='ltr'>atramentum,</span> <span class='ocrx_word' id='word_1_110' title='bbox 938 1749 1120 1799; x_wconf 89' lang='lat' dir='ltr'>eadem</span> <span class='ocrx_word' id='word_1_111' title='bbox 1149 1750 1526 1818; x_wconf 82' lang='lat' dir='ltr'>orthographia,</span> 
     </span>
     <span class='ocr_line' id='line_1_21' title="bbox 101 1839 1527 1901; baseline 0 -11"><span class='ocrx_word' id='word_1_112' title='bbox 101 1839 286 1890; x_wconf 88' lang='lat' dir='ltr'>eadem</span> <span class='ocrx_word' id='word_1_113' title='bbox 320 1839 758 1889; x_wconf 88' lang='lat' dir='ltr'>abbreviationum</span> <span class='ocrx_word' id='word_1_114' title='bbox 783 1843 934 1901; x_wconf 87' lang='lat' dir='ltr'>ratio,</span> <span class='ocrx_word' id='word_1_115' title='bbox 980 1842 1120 1891; x_wconf 88' lang='lat' dir='ltr'>idem</span> <span class='ocrx_word' id='word_1_116' title='bbox 1152 1842 1412 1892; x_wconf 86' lang='lat' dir='ltr'>literarum</span> <span class='ocrx_word' id='word_1_117' title='bbox 1433 1843 1527 1891; x_wconf 82' lang='lat' dir='ltr'>du-</span> 
     </span>
     <span class='ocr_line' id='line_1_22' title="bbox 99 1912 1527 2000; baseline 0.001 -18"><span class='ocrx_word' id='word_1_118' title='bbox 99 1912 224 1983; x_wconf 68' lang='lat' dir='ltr'>ctus.</span> <span class='ocrx_word' id='word_1_119' title='bbox 292 1930 434 1994; x_wconf 87' lang='lat' dir='ltr'>Quin</span> <span class='ocrx_word' id='word_1_120' title='bbox 456 1931 758 1981; x_wconf 89' lang='lat' dir='ltr'>membrana</span> <span class='ocrx_word' id='word_1_121' title='bbox 785 1932 888 2000; x_wconf 91' lang='lat' dir='ltr'>ipsa</span> <span class='ocrx_word' id='word_1_122' title='bbox 909 1931 1068 1981; x_wconf 85' lang='lat' dir='ltr'>statim</span> <span class='ocrx_word' id='word_1_123' title='bbox 1098 1934 1160 1982; x_wconf 89' lang='lat' dir='ltr'>ab</span> <span class='ocrx_word' id='word_1_124' title='bbox 1184 1937 1327 1983; x_wconf 90' lang='lat' dir='ltr'>initio</span> <span class='ocrx_word' id='word_1_125' title='bbox 1353 1935 1418 1982; x_wconf 90' lang='lat' dir='ltr'>ad</span> <span class='ocrx_word' id='word_1_126' title='bbox 1446 1951 1527 1983; x_wconf 87' lang='lat' dir='ltr'>ca-</span> 
     </span>
     <span class='ocr_line' id='line_1_23' title="bbox 22 2021 1528 2090; baseline 0.001 -17.997"><span class='ocrx_word' id='word_1_127' title='bbox 22 2039 27 2059; x_wconf 75' lang='lat'><em>2</em></span> <span class='ocrx_word' id='word_1_128' title='bbox 97 2021 346 2090; x_wconf 87' lang='lat' dir='ltr'>piendum</span> <span class='ocrx_word' id='word_1_129' title='bbox 378 2036 527 2072; x_wconf 86' lang='lat' dir='ltr'>notas</span> <span class='ocrx_word' id='word_1_130' title='bbox 551 2021 793 2073; x_wconf 90' lang='lat' dir='ltr'>destinata</span> <span class='ocrx_word' id='word_1_131' title='bbox 823 2037 946 2074; x_wconf 88' lang='lat' dir='ltr'>erat.</span> <span class='ocrx_word' id='word_1_132' title='bbox 979 2026 1108 2074; x_wconf 90' lang='lat' dir='ltr'>Nam</span> <span class='ocrx_word' id='word_1_133' title='bbox 1140 2028 1195 2074; x_wconf 93' lang='lat' dir='ltr'>in</span> <span class='ocrx_word' id='word_1_134' title='bbox 1222 2025 1429 2075; x_wconf 88' lang='lat' dir='ltr'>adverso</span> <span class='ocrx_word' id='word_1_135' title='bbox 1452 2024 1528 2073; x_wconf 89' lang='lat' dir='ltr'>so-</span> 
     </span>
     <span class='ocr_line' id='line_1_24' title="bbox 97 2113 1529 2184; baseline -0.001 -18.062"><span class='ocrx_word' id='word_1_136' title='bbox 97 2113 170 2166; x_wconf 81' lang='lat' dir='ltr'>lio</span> <span class='ocrx_word' id='word_1_137' title='bbox 199 2130 377 2183; x_wconf 85' lang='lat' dir='ltr'>margo</span> <span class='ocrx_word' id='word_1_138' title='bbox 409 2114 477 2165; x_wconf 84' lang='lat' dir='ltr'>ad</span> <span class='ocrx_word' id='word_1_139' title='bbox 508 2115 742 2166; x_wconf 86' lang='lat' dir='ltr'>dextrum</span> <span class='ocrx_word' id='word_1_140' title='bbox 771 2115 899 2164; x_wconf 90' lang='lat' dir='ltr'>latus</span> <span class='ocrx_word' id='word_1_141' title='bbox 929 2115 1037 2165; x_wconf 88' lang='lat' dir='ltr'>satis</span> <span class='ocrx_word' id='word_1_142' title='bbox 1070 2116 1266 2184; x_wconf 84' lang='lat' dir='ltr'>amplus</span> <span class='ocrx_word' id='word_1_143' title='bbox 1283 2130 1422 2167; x_wconf 88' lang='lat' dir='ltr'>textu</span> <span class='ocrx_word' id='word_1_144' title='bbox 1443 2135 1529 2166; x_wconf 89' lang='lat' dir='ltr'>va-</span> 
     </span>
     <span class='ocr_line' id='line_1_25' title="bbox 5 2195 1528 2279; baseline -0.001 -22"><span class='ocrx_word' id='word_1_145' title='bbox 5 2195 37 2279; x_wconf 17' lang='lat' dir='ltr'>⁴]ss</span> <span class='ocrx_word' id='word_1_146' title='bbox 98 2217 210 2268; x_wconf 85' lang='lat' dir='ltr'>cat,</span> <span class='ocrx_word' id='word_1_147' title='bbox 251 2207 308 2256; x_wconf 89' lang='lat' dir='ltr'>in</span> <span class='ocrx_word' id='word_1_148' title='bbox 337 2205 508 2257; x_wconf 89' lang='lat' dir='ltr'>averso</span> <span class='ocrx_word' id='word_1_149' title='bbox 541 2206 666 2257; x_wconf 88' lang='lat' dir='ltr'>folio</span> <span class='ocrx_word' id='word_1_150' title='bbox 706 2207 792 2256; x_wconf 90' lang='lat' dir='ltr'>hic</span> <span class='ocrx_word' id='word_1_151' title='bbox 822 2225 999 2275; x_wconf 86' lang='lat' dir='ltr'>margo</span> <span class='ocrx_word' id='word_1_152' title='bbox 1033 2208 1100 2256; x_wconf 93' lang='lat' dir='ltr'>ad</span> <span class='ocrx_word' id='word_1_153' title='bbox 1128 2209 1257 2258; x_wconf 89' lang='lat' dir='ltr'>latus</span> <span class='ocrx_word' id='word_1_154' title='bbox 1287 2206 1528 2258; x_wconf 87' lang='lat' dir='ltr'>finistrum</span> 
     </span>
     <span class='ocr_line' id='line_1_26' title="bbox 98 2296 1532 2367; baseline -0.001 -17.06"><span class='ocrx_word' id='word_1_155' title='bbox 98 2296 187 2350; x_wconf 77' lang='lat' dir='ltr'>est.</span> <span class='ocrx_word' id='word_1_156' title='bbox 252 2300 423 2349; x_wconf 81' lang='lat' dir='ltr'>Lineis</span> <span class='ocrx_word' id='word_1_157' title='bbox 444 2299 576 2348; x_wconf 88' lang='lat' dir='ltr'>binis</span> <span class='ocrx_word' id='word_1_158' title='bbox 609 2299 1144 2366; x_wconf 89' lang='lat' dir='ltr'>perpendicularibus,</span> <span class='ocrx_word' id='word_1_159' title='bbox 1170 2318 1305 2367; x_wconf 91' lang='lat' dir='ltr'>quae</span> <span class='ocrx_word' id='word_1_160' title='bbox 1333 2313 1532 2350; x_wconf 86' lang='lat' dir='ltr'>textum</span> 
     </span>
    </p>
   </div>
   <div class='ocr_carea' id='block_1_4' title="bbox 0 1732 27 2102">
    <p class='ocr_par' dir='ltr' id='par_1_6' title="bbox 0 1732 27 2102">
     <span class='ocr_line' id='line_1_27' title="bbox 0 1732 27 2102; textangle 90"><span class='ocrx_word' id='word_1_161' title='bbox 7 2095 9 2102; x_wconf 65' lang='grc'><strong>-</strong></span> <span class='ocrx_word' id='word_1_162' title='bbox 18 2078 26 2087; x_wconf 72' lang='grc'><em>,</em></span> <span class='ocrx_word' id='word_1_163' title='bbox 0 1830 27 2050; x_wconf 42' lang='grc' dir='ltr'>νςινῑῡντψεειᾋεὴ</span> <span class='ocrx_word' id='word_1_164' title='bbox 10 1779 11 1782; x_wconf 59' lang='lat'><em>„</em></span> <span class='ocrx_word' id='word_1_165' title='bbox 12 1757 19 1768; x_wconf 65' lang='grc'>»-</span> <span class='ocrx_word' id='word_1_166' title='bbox 10 1732 19 1743; x_wconf 56' lang='lat'>⁴</span> 
     </span>
    </p>
   </div>
   <div class='ocr_carea' id='block_1_5' title="bbox 3 2389 1537 2918">
    <p class='ocr_par' dir='ltr' id='par_1_7' title="bbox 3 2389 1537 2918">
     <span class='ocr_line' id='line_1_28' title="bbox 37 2389 1533 2459; baseline 0 -19"><span class='ocrx_word' id='word_1_167' title='bbox 37 2427 38 2430; x_wconf 18' lang='grc' dir='ltr'>η</span> <span class='ocrx_word' id='word_1_168' title='bbox 100 2391 401 2452; x_wconf 80' lang='lat' dir='ltr'>terminant,</span> <span class='ocrx_word' id='word_1_169' title='bbox 449 2390 547 2439; x_wconf 89' lang='lat' dir='ltr'>alia</span> <span class='ocrx_word' id='word_1_170' title='bbox 571 2391 814 2457; x_wconf 88' lang='lat' dir='ltr'>parallela</span> <span class='ocrx_word' id='word_1_171' title='bbox 849 2391 1004 2440; x_wconf 90' lang='lat' dir='ltr'>ducta</span> <span class='ocrx_word' id='word_1_172' title='bbox 1027 2389 1122 2453; x_wconf 89' lang='lat' dir='ltr'>est,</span> <span class='ocrx_word' id='word_1_173' title='bbox 1165 2409 1301 2459; x_wconf 87' lang='lat' dir='ltr'>quae</span> <span class='ocrx_word' id='word_1_174' title='bbox 1323 2410 1351 2440; x_wconf 93' lang='lat' dir='ltr'>a</span> <span class='ocrx_word' id='word_1_175' title='bbox 1373 2409 1533 2442; x_wconf 87' lang='lat' dir='ltr'>mem·</span> 
     </span>
     <span class='ocr_line' id='line_1_29' title="bbox 79 2481 1533 2551; baseline 0.001 -19.955"><span class='ocrx_word' id='word_1_176' title='bbox 79 2507 82 2509; x_wconf 54' lang='lat'>&gt;</span> <span class='ocrx_word' id='word_1_177' title='bbox 101 2481 266 2532; x_wconf 87' lang='lat' dir='ltr'>brana</span> <span class='ocrx_word' id='word_1_178' title='bbox 287 2494 515 2531; x_wconf 87' lang='lat' dir='ltr'>extrema</span> <span class='ocrx_word' id='word_1_179' title='bbox 537 2499 644 2531; x_wconf 90' lang='lat' dir='ltr'>non</span> <span class='ocrx_word' id='word_1_180' title='bbox 673 2482 888 2532; x_wconf 78' lang='lat' dir='ltr'>multum</span> <span class='ocrx_word' id='word_1_181' title='bbox 908 2481 1063 2532; x_wconf 87' lang='lat' dir='ltr'>distat.</span> <span class='ocrx_word' id='word_1_182' title='bbox 1129 2485 1262 2534; x_wconf 87' lang='lat' dir='ltr'>Huic</span> <span class='ocrx_word' id='word_1_183' title='bbox 1283 2483 1438 2551; x_wconf 90' lang='lat' dir='ltr'>spatio</span> <span class='ocrx_word' id='word_1_184' title='bbox 1456 2486 1533 2532; x_wconf 86' lang='lat' dir='ltr'>in·</span> 
     </span>
     <span class='ocr_line' id='line_1_30' title="bbox 3 2553 1535 2642; baseline 0 -19"><span class='ocrx_word' id='word_1_185' title='bbox 3 2553 8 2565; x_wconf 46' lang='lat'>⁵</span> <span class='ocrx_word' id='word_1_186' title='bbox 38 2567 45 2606; x_wconf 55' lang='lat'>&#39;-</span> <span class='ocrx_word' id='word_1_187' title='bbox 100 2585 183 2624; x_wconf 86' lang='lat' dir='ltr'>ter</span> <span class='ocrx_word' id='word_1_188' title='bbox 228 2573 353 2623; x_wconf 87' lang='lat' dir='ltr'>duas</span> <span class='ocrx_word' id='word_1_189' title='bbox 384 2574 547 2625; x_wconf 88' lang='lat' dir='ltr'>lineas</span> <span class='ocrx_word' id='word_1_190' title='bbox 588 2575 1041 2641; x_wconf 80' lang='lat' dir='ltr'>perpendiculares</span> <span class='ocrx_word' id='word_1_191' title='bbox 1078 2590 1235 2626; x_wconf 89' lang='lat' dir='ltr'>notae</span> <span class='ocrx_word' id='word_1_192' title='bbox 1265 2575 1535 2642; x_wconf 88' lang='lat' dir='ltr'>inscriptae</span> 
     </span>
     <span class='ocr_line' id='line_1_31' title="bbox 3 2661 1537 2735; baseline -0.001 -20"><span class='ocrx_word' id='word_1_193' title='bbox 3 2704 12 2735; x_wconf 18' lang='lat'>¹⁷</span> <span class='ocrx_word' id='word_1_194' title='bbox 53 2661 66 2681; x_wconf 80' lang='grc'>”</span> <span class='ocrx_word' id='word_1_195' title='bbox 97 2665 229 2728; x_wconf 81' lang='lat' dir='ltr'>sunt,</span> <span class='ocrx_word' id='word_1_196' title='bbox 251 2683 387 2734; x_wconf 88' lang='lat' dir='ltr'>quae</span> <span class='ocrx_word' id='word_1_197' title='bbox 399 2666 467 2716; x_wconf 86' lang='lat' dir='ltr'>ob</span> <span class='ocrx_word' id='word_1_198' title='bbox 482 2666 822 2733; x_wconf 87' lang='lat' dir='ltr'>prolixitatem</span> <span class='ocrx_word' id='word_1_199' title='bbox 840 2671 1100 2717; x_wconf 89' lang='lat' dir='ltr'>contextui</span> <span class='ocrx_word' id='word_1_200' title='bbox 1121 2667 1537 2735; x_wconf 87' lang='lat' dir='ltr'>superscribinon</span> 
     </span>
     <span class='ocr_line' id='line_1_32' title="bbox 14 2758 1535 2831; baseline -0.001 -22"><span class='ocrx_word' id='word_1_201' title='bbox 14 2771 54 2831; x_wconf 41' lang='grc' dir='ltr'>ᾖς’</span> <span class='ocrx_word' id='word_1_202' title='bbox 92 2769 360 2826; x_wconf 72' lang='lat' dir='ltr'>poterant.</span> <span class='ocrx_word' id='word_1_203' title='bbox 433 2758 629 2806; x_wconf 80' lang='lat' dir='ltr'>Multae</span> <span class='ocrx_word' id='word_1_204' title='bbox 657 2760 814 2807; x_wconf 90' lang='lat' dir='ltr'>immo</span> <span class='ocrx_word' id='word_1_205' title='bbox 856 2761 1076 2808; x_wconf 81' lang='lat' dir='ltr'>maxima</span> <span class='ocrx_word' id='word_1_206' title='bbox 1106 2758 1373 2827; x_wconf 85' lang='lat' dir='ltr'>glossarum</span> <span class='ocrx_word' id='word_1_207' title='bbox 1401 2775 1535 2826; x_wconf 82' lang='lat' dir='ltr'>pars,</span> 
     </span>
     <span class='ocr_line' id='line_1_33' title="bbox 110 2827 1407 2918; baseline 0.002 -19.777"><span class='ocrx_word' id='word_1_208' title='bbox 110 2827 232 2918; x_wconf 56' lang='lat' dir='ltr'>{luia</span> <span class='ocrx_word' id='word_1_209' title='bbox 247 2865 499 2918; x_wconf 85' lang='lat' dir='ltr'>perquam</span> <span class='ocrx_word' id='word_1_210' title='bbox 524 2848 704 2902; x_wconf 85' lang='lat' dir='ltr'>breves</span> <span class='ocrx_word' id='word_1_211' title='bbox 728 2848 864 2916; x_wconf 88' lang='lat' dir='ltr'>sunt,</span> <span class='ocrx_word' id='word_1_212' title='bbox 903 2851 1254 2904; x_wconf 83' lang='lat' dir='ltr'>interlineares</span> <span class='ocrx_word' id='word_1_213' title='bbox 1283 2852 1407 2903; x_wconf 88' lang='lat' dir='ltr'>sunt.</span> 
     </span>
    </p>
   </div>
   <div class='ocr_carea' id='block_1_6' title="bbox 0 2047 79 3112">
    <p class='ocr_par' dir='ltr' id='par_1_8' title="bbox 0 2047 79 3112">
     <span class='ocr_line' id='line_1_34' title="bbox 0 2047 79 3112; baseline 0 0"><span class='ocrx_word' id='word_1_214' title='bbox 0 2047 79 3112; x_wconf 95' lang='lat' dir='ltr'> </span> 
     </span>
    </p>
   </div>
  </div>
 </body>
</html>
