1812 3100
267 183 292 225 ἰ
307 177 368 224 66

725 173 1190 249 ,EUNucHue

267 306 618 364 Remhabere,
652 303 796 371 fingit
817 308 1003 367 causas,
1036 311 1097 370 55)
1132 326 1196 358 ne
1221 309 1315 370 det,
1335 310 1398 370 54)
1434 308 1617 361 sedulo.

271 377 369 434 Ait,
389 373 588 423 fi·fidem
611 372 808 431 habeat,
827 380 886 431 35>
920 377 965 424 se
996 378 1056 424 iri
1079 376 1410 443 praepolitum
1433 376 1525 426 tibi

200 443 417 510 GoApud
437 460 537 501 me3
564 439 625 504 56)
662 459 856 492 aenon
884 443 936 492 id
966 457 1169 504 metuat,
1190 447 1253 505 57)
1291 463 1353 494 ne
1374 444 1464 494 ubi
1481 461 1684 512 accepe-

627 510 734 567 rim,

271 577 708 644 Seserelinquam,
746 576 874 626 velle
894 577 1091 626 seillam
1123 579 1241 628 mihi
1269 579 1398 628 dare.

273 649 455 694 Verum
480 645 532 692 id
553 645 723 694 vereri.
743 650 803 705 58)
869 645 962 694 Sed
996 663 1087 710 ego
1112 660 1358 713 quantum
1395 646 1625 714 suspicor,

244 760 246 766 ,
274 711 353 761 Ad
374 711 377 714 ’
399 703 640 778 νὶϊὲἰυέῐη
659 716 720 772 59)
774 713 1000 761 animum
1042 715 1238 764 adiecit.

633 779 876 848 amplius?
903 785 964 839 4⁰)

641 850 774 896 Nam
804 846 1023 913 quaefivi
1051 850 1113 909 4¹)
1157 866 1295 897 nunc
1330 865 1423 915 ego
1457 865 1582 908 earn,
1621 851 1691 899 mi

268 850 380 896 TH.
417 846 568 897 Nihil.

300 942 301 945 =
634 913 891 964 Phaedria.

1323 718 1422 763 PH.
1463 716 1689 764 Etiamne

203 992 257 1035 65
273 981 469 1031 Multae
502 983 614 1033 sunt
645 983 841 1041 causae,
888 981 1218 1052 quamobrem
1251 982 1450 1051 cupiam
1480 981 1704 1035 abduce--

631 1068 695 1098 re.
727 1053 789 1108 42)

279 1118 515 1185 Primum,
546 1117 687 1184 quod
707 1119 843 1166 soror
873 1117 942 1165 eft
964 1115 1120 1176 dicta,
1153 1131 1413 1183 praeterea
1432 1130 1491 1167 ut
1511 1118 1610 1167 suis
1632 1119 1698 1178 45)

278 1186 550 1252 Restituam
593 1202 653 1233 ao
691 1184 909 1234 reddam.
943 1187 945 1189 ’
985 1184 1103 1234 Sola
1131 1186 1256 1244 sum,
1303 1184 1466 1234 habeo
1497 1184 1581 1235 hic
1613 1203 1694 1235 ne-

635 1254 833 1309 minem,

279 1322 465 1389 Neque
517 1320 736 1368 amicum
792 1336 957 1386 neque
1013 1331 1307 1384 cognatum3
1366 1319 1694 1387 quamobrem

635 1387 900 1446 Phaedria,

325 1537 398 1581 33)
430 1534 568 1570 iuven-it
594 1533 797 1570 occasiones
863 1533 927 1579 34)
950 1533 1041 1568 mihi
1063 1547 1141 1569 eam
1164 1533 1209 1569 ad
1227 1532 1405 1582 praesens,
1452 1533 1517 1578 35)
1541 1532 1568 1570 fi
1586 1533 1694 1570 fidem

385 1592 556 1628 servarem
605 1592 669 1636 36)
693 1590 869 1637 praeponi
888 1588 923 1623 se
946 1590 982 1626 in
1002 1604 1123 1626 amore
1142 1591 1210 1627 tibi
1258 1590 1322 1636 37)
1341 1589 1403 1624 ille
1418 1589 1522 1625 milet
1569 1592 1633 1638 58)
1650 1604 1697 1626 ne

383 1648 574 1696 postquam
600 1646 740 1682 dederit
762 1646 853 1681 mihi
875 1645 975 1680 illam
999 1648 1156 1695 puellam
1170 1650 1305 1696 supple
1320 1659 1331 1681 .·
1363 1649 1472 1683 illam
1489 1649 1698 1696 relinquam

386 1706 452 1750 39)
477 1704 576 1737 illam
623 1707 683 1746 4ο)
709 1705 760 1739 vis
789 1703 907 1738 dicere
954 1706 1019 1751 41)
1050 1704 1093 1739 ab
1124 1704 1187 1740 illo
1232 1705 1298 1751 42)
1330 1704 1369 1738 in
1396 1716 1516 1739 meam
1546 1705 1699 1753 potesta-

383 1772 458 1799 tem
481 1760 642 1807 redigere
688 1761 753 1806 45)
776 1760 999 1807 parentibus.

329 1914 385 1951 53.
413 1908 572 1951 sedulo]
621 1906 646 1940 i.
675 1918 705 1943 e.
736 1905 819 1941 data
846 1919 956 1954 opera

282 1964 422 2000 Liv.11.
445 1973 501 2007 58.
528 1965 677 2000 cardius
697 1965 830 2010 sedulo
857 1967 955 2002 ince-

286 2022 386 2058 dere.

329 2084 386 2122 59.
406 2076 447 2122 fi
466 2077 589 2121 fidem
615 2075 772 2123 haheat]
828 2077 853 2112 i.
879 2091 910 2117 e.
927 2077 956 2114 fi

285 2132 421 2168 efficiat
467 2127 677 2179 ar’gumento
722 2134 866 2182 aliquo,
914 2144 957 2171 ut

262 2189 377 2225 vmihi
414 2190 536 2225 credat
575 2190 666 2237 [ipfi
691 2190 860 2232 credam]
894 2190 955 2225 Sic

275 2249 395 2294 fidem
425 2249 516 2284 dare
550 2247 599 2283 est
637 2248 674 2283 in
703 2247 815 2283 Andr.
840 2247 886 2282 11.
918 2255 953 2290 3.

282 2316 339 2350 27.
388 2328 390 2330 ·

329 2360 387 2402 63.
413 2363 577 2397 animum
606 2362 770 2406 adiecit]
819 2362 956 2397 adiiee-

283 2432 324 2455 re
354 2420 518 2454 animum
539 2420 591 2454 ad
617 2419 767 2468 aliquid
785 2416 835 2452 est
855 2416 955 2463 eupi-

285 2474 437 2509 ditatam
484 2475 637 2509 alicuius
680 2474 733 2509 rei
773 2473 952 2508 nancisci.

282 2531 399 2566 Plaut.
437 2532 475 2566 in
504 2533 654 2567 Mercat.
686 2531 732 2565 11.
763 2543 795 2568 2.
823 2531 879 2565 62.
911 2543 957 2565 ne

282 2589 337 2623 ad
360 2590 468 2623 illam
506 2604 560 2625 me
589 2591 752 2630 animum
786 2587 956 2632 adiecisse

271 2646 429 2687 sentiat.
448 2645 527 2682 Liv.
552 2647 666 2680 XXII.
688 2656 744 2679 22.
767 2643 956 2689 obsidibus

281 2702 510 2746 potissimum
547 2702 747 2739 tradendis
790 2702 955 2737 animum

283 2757 436 2794 adiecit.

1076 1910 1235 1944 etiamne
1260 1909 1447 1952 amplius]
1494 1905 1586 1941 mira
1604 1919 1700 1942 vere·-

1032 1964 1165 1998 cundia
1186 1963 1278 1998 dixit
1298 1976 1363 2010 pro
1392 1978 1471 2000 eam
1483 1966 1697 2010 scrupavit.

1029 2033 1061 2058 v.
1081 2031 1204 2057 notata
1226 2019 1272 2054 ad
1291 2018 1403 2054 Andr.
1423 2021 1470 2055 11.
1495 2033 1523 2054 ι.
1545 2029 1604 2064 25.

1074 2079 1132 2121 65.
1158 2078 1387 2127 quamobrem
1412 2077 1548 2122 cupio]
1596 2075 1701 2112 usita-

1029 2134 1101 2172 tius
1143 2133 1228 2169 esset
1267 2134 1498 2184 quamobrem
1537 2138 1697 2179 cupiam.

1029 2191 1146 2238 Saepe
1157 2202 1279 2226 tamen
1296 2191 1596 2236 interrogationes
1615 2204 1699 2225 cum

1030 2246 1231 2282 indicativo
1261 2247 1525 2283 construuntur.
1552 2260 1584 2282 v.
1607 2260 1699 2296 quae

1029 2304 1235 2340 notavimus
1278 2304 1325 2338 ad
1365 2303 1479 2343 Rutil.
1520 2306 1615 2352 Lup.
1652 2302 1709 2341 H.'

1029 2375 1067 2410 p.
1090 2370 1149 2407 98.

1075 2419 1237 2465 67.sola
1255 2418 1365 2464 firm]
1413 2416 1486 2453 hoc
1504 2417 1621 2453 statim
1643 2430 1700 2452 ex-

1030 2474 1144 2523 plicat
1164 2474 1301 2510 addens
1322 2476 1434 2511 habeo
1447 2478 1625 2512 neminem
1643 2489 1702 2511 ne-

1032 2546 1099 2579 que
1131 2524 1289 2568 amiciam
1328 2546 1443 2580 neque
1486 2543 1697 2579 cognatum.

1030 2587 1090 2621 Sic
1107 2590 1279 2634 solitudo
1313 2588 1446 2623 dicitur
1483 2589 1528 2623 de
1563 2588 1699 2627 liberis.

1032 2644 1093 2690 qui
1123 2646 1330 2691 parentibus
1359 2645 1475 2680 orbati
1502 2644 1594 2679 sunt.
1618 2644 1697 2679 Cic.

1031 2700 1066 2733 in
1087 2702 1293 2743 Verr.I.53.
1315 2712 1355 2736 ut
1370 2703 1521 2738 illorum
1546 2701 1699 2746 [liber-o·

1028 2757 1135 2803 rum]
1156 2759 1327 2804 solitudo
1360 2771 1469 2810 quam
1484 2758 1701 2806 firmzzlfimo
