1812 3100
1487 286 1510 300 q.

546 425 1054 476 PROLOGUS.

94 514 175 578 Ne
202 526 287 578 cui
311 519 373 587 ¹⁴²)
404 522 463 574 sit
482 523 694 574 vestrum
718 521 902 570 mirum
922 541 1014 571 cur
1039 535 1210 589 partes
1239 519 1298 584 ¹¹)
1334 525 1433 576 seni
1457 532 1516 593 ¹²)

18 604 25 609 “
92 598 255 645 Poeta*
271 593 465 645 dederit
481 608 616 660 quae
635 590 748 638 sunt
781 589 1147 640 adolescentum
1171 592 1213 651 *)

91 662 147 712 ld
173 663 392 732 primum
427 661 605 718 dicam,
641 662 699 718 Ιὅ)
754 657 934 709 deinde
976 658 1118 726 quod
1155 662 1212 720 ι4)
1269 663 1383 711 veni
1419 662 1518 714 elo-

450 747 593 797 quar.
623 730 683 787 ι5)

90 803 164 848 Ex
186 800 380 866 integra
401 810 584 865 'graeca
608 795 668 857 ι6)
703 795 946 861 integram
969 794 1283 844 comoediam
1311 799 1370 857 ¹7)

49 867 258 920 5H0die
289 860 391 917 sum
416 881 623 917 acturus
646 870 702 917 ¹8)
737 864 1355 915 Heautontimorumenon

92 934 313 1003 Duplex,
336 940 395 994 ¹9)
419 952 553 1003 quae
575 952 636 983 ex
657 946 954 997 argumento
974 935 1036 991 20)
1059 931 1192 981 facta
1213 934 1281 981 est
1303 932 1520 1002 simplici.

94 1007 296 1056 Novam
329 1004 420 1053 esse
452 1003 641 1052 ostendi
664 1004 750 1078 21>Δ
766 1014 817 1050 et
847 1016 979 1066 quae
1013 999 1137 1049 esset.
1160 1009 1222 1063 23)
1260 1020 1399 1053 nunc
1430 1005 1521 1071 qui

454 1072 709 1137 scripserit,

96 1146 159 1191 Et
177 1138 294 1191 cuia
317 1158 497 1207 graeca
520 1143 582 1199 ²3)
621 1138 679 1189 Iit
702 1139 752 1187 ni
771 1149 968 1205 partem
991 1155 1282 1187 maxumam

94 1210 437 1258 Existimarem
465 1209 586 1257 scire
612 1209 855 1264 vostrum,
898 1206 950 1253 id
981 1205 1208 1255 dicerem.

6 1284 76 1330 v10
90 1281 244 1330 Nunc
273 1295 427 1345 quam
458 1275 524 1326 ob
542 1287 666 1325 ”rem
696 1276 788 1326 has
818 1275 978 1342 partis
1007 1273 1278 1334 didicerim,
1307 1276 1373 1336 24)

160 1388 224 1435 ιο)
248 1387 358 1422 alicui
411 1389 472 1434 11)
497 1386 658 1423 laborem
711 1388 771 1433 12)
799 1383 1020 1421 Menedemo
1067 1386 1104 1431 ⁴¹)
1124 1388 1215 1424 edic.
1238 1383 1523 1421 adolescentium

206 1448 263 1487 ¹5)
297 1442 449 1491 reddam
520 1445 581 1490 14)
607 1454 754 1492 propter
773 1443 874 1491 quod
940 1447 995 1486 ¹5)
1022 1454 1088 1489 ego
1158 1444 1218 1488 16)
1244 1455 1287 1478 ex
1312 1443 1448 1478 intacta
1477 1442 1522 1477 ab

206 1501 331 1549 aliquo
351 1501 484 1536 Latino
506 1501 700 1536 comoedia
751 1502 810 1547 ¹7)
830 1501 980 1537 latinam
1005 1513 1113 1549 quam
1133 1514 1241 1536 nemo
1262 1509 1346 1535 ant·
1365 1513 1422 1534 me
1443 1499 1524 1535 scri·
1578 1524 1580 1527 -

202 1557 271 1607 pfit
323 1559 385 1604 18)
408 1557 622 1593 recitaturus
656 1559 736 1604 ·¹9)
760 1558 963 1593 comoedia.
982 1559 1122 1593 Graeca
1139 1558 1336 1593 Menandri
1358 1569 1393 1593 et
1407 1559 1525 1595 latina

203 1628 297 1651 mea.
320 1615 356 1650 in
377 1615 460 1650 stilo
483 1615 618 1650 etenim
639 1614 824 1664 duplicata
846 1615 895 1651 est
922 1619 1002 1658 ⁸20)
1023 1629 1066 1651 ex
1088 1628 1160 1650 una
1182 1616 1331 1650 materia
1378 1621 1437 1657 2¹)
1456 1618 1525 1651 La-

204 1672 292 1708 tinis
341 1673 406 1718 22)
431 1684 540 1719 quam
566 1673 754 1708 materiam
783 1674 818 1708 in
840 1673 872 1708 se
891 1673 1042 1709 liaberet
1086 1674 1152 1720 23)
1176 1674 1278 1710 cuius
1305 1673 1429 1709 fabula
1447 1674 1526 1710 Me-

199 1728 333 1766 nandri
379 1730 446 1775 24)
468 1729 700 1766 comoediam
717 1730 927 1780 scripserim.

293 1876 567 1914 pannonum

848 1880 957 1924 Rich.
970 1879 1090 1915 Bentl.
1103 1877 1279 1914 veriffime
1296 1878 1423 1926 legunt
1433 1881 1527 1925 fim-

148 1944 180 1971 Ι.
213 1945 281 1971 cur
305 1945 435 1980 partes
452 1937 565 1984 seni]
627 1937 773 1986 prologi
849 1941 953 1985 plex,
975 1951 1068 1986 quae
1081 1950 1124 1972 ex
1137 1948 1348 1982 argumento
1361 1936 1456 1972 facta
1475 1938 1526 1974 est

100 1989 145 2025 ab
165 1989 453 2027 adolescentibus
475 1995 705 2041 pronuntiari
721 1994 775 2030 so·-

98 2046 236 2087 lebant.
256 2047 375 2085 statim
397 2063 416 2084 e
433 2049 538 2086 scena
560 2050 776 2088 discedenti·

98 2103 167 2140 bu·
186 2115 226 2140 ut
244 2104 406 2159 fabulam
428 2108 625 2156 incepturis
655 2110 778 2145 locum

101 2161 251 2206 darent;
286 2174 323 2199 at
341 2165 535 2201 Terentius
554 2165 616 2200 hic
638 2179 778 2212 praeter

100 2231 239 2256 morem
270 2220 414 2268 prologi
442 2233 562 2268 partes
581 2222 683 2259 dedit
702 2224 777 2259 seni

102 2277 218 2313 actori
237 2276 426 2319 Ambivio.
452 2280 514 2326 qui
531 2280 682 2328 prologo
702 2297 780 2331 per-

103 2345 186 2371 acto
227 2333 274 2370 de
310 2333 416 2370 scena
453 2349 530 2371 non
556 2337 806 2382 discedebat,'

101 2392 222 2429 statim
244 2391 451 2428 Chremetis
480 2404 598 2440 partes
621 2407 776 2435 acturus.

101 2449 165 2485 Sic
181 2449 303 2485 locum
323 2449 462 2496 egregie
480 2451 637 2498 explicat
656 2455 776 2489 Bentl-

149 2514 185 2550 3.
212 2508 315 2557 quod
331 2507 443 2553 veni]
491 2519 639 2556 propter
665 2510 786 2564 quod(

105 2563 209 2600 eui‘u·
230 2565 283 2600 rei
304 2564 419 2600 causa.

150 2627 186 2666 4.
213 2622 384 2670 integra]
436 2621 461 2659 i.
484 2627 523 2657 e.'
540 2633 650 2670 quam
669 2636 778 2659 nemo

105 2677 221 2714 latine
239 2681 353 2719 vertit.
382 2692 492 2714 nemo
511 2680 688 2718 tractavit.

853 1995 993 2043 duplici
1022 1995 1046 2037 i.
1068 2008 1099 2030 e.
1119 2006 1191 2029 una
1221 1993 1345 2028 sabula
1366 1994 1434 2034 est.
1463 1993 1527 2031 sed

854 2063 1106 2099 argumentum
1136 2051 1291 2099 duplex.
1319 2051 1393 2086 duo
1412 2050 1526 2093 senen,

855 2109 929 2145 duo
950 2108 1216 2160 adolescentes,
1239 2108 1333 2144 duae
1353 2110 1505 2144 amicae.

900 2180 932 2212 7.
952 2168 1230 2215 quiscripsirrit]
1259 2170 1324 2214 qui
1341 2165 1444 2214 saepe
1463 2179 1528 2214 pro

855 2227 938 2274 quis
964 2224 1131 2272 ponitur,
1171 2233 1242 2258 tam
1273 2225 1311 2257 in
1332 2224 1530 2271 interroga-

853 2283 976 2321 tione,
1012 2293 1120 2329 quam
1152 2292 1249 2315 extra
1279 2281 1530 2327 interrogatio-

853 2351 951 2373 nem.
969 2338 1100 2373 Cicero
1123 2337 1168 2372 ad
1183 2339 1356 2375 Div.XlI.
1382 2347 1435 2380 18.
1457 2353 1528 2384 quo

852 2398 920 2444 iste
929 2397 1048 2441 nescio
1062 2399 1128 2445 qui
1137 2402 1356 2440 er'umperec.
1367 2395 1530 2443 Philipp.

853 2454 899 2488 11.
926 2461 979 2495 ¹3·
991 2457 1053 2500 qui
1072 2457 1176 2490 locus
1191 2457 1252 2501 est,
1275 2466 1342 2490 aut
1362 2466 1442 2490 tam
1461 2465 1530 2489 etc.

853 2510 914 2545 Sic
934 2513 1058 2558 aliqui
1075 2509 1178 2559 saepe
1195 2512 1350 2547 occurrit
1378 2519 1443 2560 pro
1462 2513 1534 2548 ali-

856 2571 939 2615 quis
966 2567 1038 2602 vid.
1065 2569 1204 2604 Duker.
1231 2568 1279 2604 ad
1305 2569 1397 2604 Flor.
1417 2570 1446 2604 I.
1478 2577 1533 2611 18.

857 2640 895 2674 p.
922 2634 997 2673 193.

909 2696 960 2719 10.
991 2684 1211 2724 didicerim]
1252 2693 1290 2717 ut
1308 2693 1450 2730 poetae,
1468 2682 1534 2731 qui

150 2735 187 2774 6.
209 2737 378 2783 duplex]
427 2738 571 2785 Tanaq.
602 2737 714 2774 Faber
746 2748 783 2775 et
858 2739 1000 2777 fabulas
1034 2739 1214 2782 scribunt,
1262 2752 1322 2776 eas
1361 2739 1534 2776 dicuntur
