1696 3112
213 184 279 235 Ψ

291 358 293 360 ,
347 304 458 351 Hae
475 314 643 367 autem
666 302 1015 351 annotationes
1036 298 1328 368 fivegloss'ae
1342 316 1449 352 non
1468 301 1626 358 folum

210 393 367 443 verba
392 406 554 443 textus
587 392 863 458 explicant,
907 391 990 441 sed
1013 395 1161 441 etiam
1191 396 1350 443 varias
1380 394 1628 446 lectiones

214 484 426 532 aliorum
451 484 689 532 codicum
718 485 994 532 continent.
1058 485 1202 533 Haec
1219 484 1451 534 lectionis
1468 488 1628 536 varie-

210 588 284 623 tas
296 574 549 623 indicatur
565 586 672 622 tum
691 572 791 623 hac
810 573 1160 622 abbreviatura
1180 575 1286 624 †id
1309 574 1376 626 est
1398 576 1506 628 vel,
1519 588 1627 628 tum
1671 629 1682 645 '

208 666 295 713 illa
313 667 396 713 aff
413 668 445 713 i.
479 682 522 714 e.
546 665 683 712 alius
704 662 800 714 five
830 665 927 711 aliz·
944 661 1041 713 five
1069 666 1246 714 aliter.
1313 664 1426 716 Effe
1447 683 1628 717 reverta

189 758 369 805 ‘varias
402 756 649 823 lectiones
683 772 745 804 ex
777 755 1041 805 codicibus
1064 755 1380 822 depromtas‚
1413 774 1520 806 non
1543 774 1630 807 ex-

207 847 508 913 plicationes
539 847 621 896 vel
653 848 994 907 coniecturas,
1025 847 1148 895 inde
1176 860 1369 898 certum
1388 846 1481 908 est,
1508 850 1630 915 quia

206 941 261 986 in
280 938 385 986 aliis
402 938 663 988 codicibus
676 934 948 1003 saepiss'ime
962 939 1299 1003 reperiuntur.
1317 937 1484 1006 Unde
1506 954 1628 987 con-

139 1074 141 1076 .
208 1032 294 1078 iici
321 1027 506 1095 potest,
550 1046 634 1078 eas
669 1046 802 1095 quae
840 1030 1140 1082 auctoritate
1175 1028 1367 1077 codicis
1395 1027 1628 1081 nondum
1690 1083 1692 1087 ,

207 1119 365 1177 fultae
389 1119 521 1179 sunt,
558 1112 652 1168 'illa
669 1133 849 1168 tamen·
862 1134 969 1166 non
995 1116 1280 1167 destitutum
1302 1121 1387 1180 iri,
1432 1116 1469 1168 fi
1487 1119 1627 1168 codi-

210 1228 295 1259 ces
330 1213 612 1259 accuratius
654 1213 1019 1261 examinantur.
1085 1202 1309 1259 Varietas
1332 1221 1627 1258 autemnon

208 1298 364 1348 solum
394 1304 613 1367 pertinet
636 1301 703 1350 ad
730 1317 909 1360 voceS,
950 1299 1036 1348 sed
1068 1301 1218 1348 etiam
1240 1299 1306 1347 ad
1324 1297 1457 1366 figna
1474 1302 1627 1349 inter-

207 1395 522 1457 punctionis,
570 1393 691 1440 dum
717 1391 907 1456 saepius
943 1402 1234 1450 annotatur,
1277 1389 1395 1438 loco
1418 1387 1627 1456 figniin-

206 1486 558 1550 terrogationis
588 1483 723 1530 aliud
746 1481 976 1530 adhiberi
996 1480 1077 1529 vel
1097 1482 1210 1529 vice
1229 1478 1381 1528 veria.
1446 1478 1627 1528 Obser-

208 1574 431 1623 vandum
462 1587 634 1622 tamen
668 1571 761 1633 est,
802 1569 957 1621 voces
998 1570 1180 1638 quibus
1209 1568 1525 1636 praemissum
1558 1568 1626 1619 est

207 1666 302 1720 vel
318 1677 402 1712 aut
422 1664 492 1712 al.
514 1664 869 1712 tantummodo
899 1676 1006 1710 tum
1036 1675 1131 1727 pro
1153 1663 1298 1709 variis
1320 1659 1626 1722 lectionibus

206 1754 471 1804 habendas
496 1754 592 1804 ess'e
608 1792 621 1815 ‚
653 1752 687 1802 fi
707 1754 831 1802 nihil
850 1754 1062 1819 amplius
1085 1751 1286 1799 additur
1298 1770 1319 1808 ;,
1355 1750 1475 1798 ah‘as
1493 1750 1624 1800 haec
1680 1758 1683 1760 “

206 1846 456 1895 vocabula
476 1863 582 1894 non
603 1846 902 1911 praegnanti
925 1842 1063 1892 sensu
1080 1840 1321 1891 sumenda
1342 1838 1454 1889 effe.
1490 1841 1625 1890 Vide

210 1955 254 1987 e.
277 1954 346 2004 gr.
367 1955 482 2003 pag.
515 1936 595 1992 56.
628 1947 749 1984 nota
778 1941 853 1996 15)
892 1951 1005 2000 pag.
1028 1940 1109 1998 87.
1133 1943 1255 1980 nota
1276 1935 1358 1992 32)
1390 1930 1624 1980 editionis

207 2027 427 2088 nostrae⁷
473 2027 561 2074 ubi
580 2029 808 2092 ineptum
832 2023 990 2084 foret,
1032 2023 1128 2072 vel
1148 2022 1214 2071 de
1233 2023 1378 2070 variis
1397 2020 1623 2070 lectioni-

207 2118 300 2166 bus
321 2118 618 2183 intelligere.
683 2114 882 2164 Gloffae
909 2126 1077 2162 autem
1107 2129 1213 2160 non
1234 2129 1411 2162 omnes
1438 2112 1622 2161 eadem
1663 2106 1666 2109 ⁵

196 2226 360 2256 -manu
390 2207 602 2274 scriptae
620 2206 758 2255 sunt.
857 2204 1127 2265 Quaedam
1164 2205 1299 2251 enirn
1327 2201 1493 2250 forma
1521 2201 1621 2251 ele-

204 2312 493 2349 mentorum
523 2299 702 2364 maiori
722 2296 805 2345 vel
828 2298 991 2343 minus
1022 2294 1240 2358 eleganti
1264 2305 1314 2341 et
1328 2310 1363 2340 a
1380 2291 1620 2344 consueta

201 2390 482 2440 recedente
516 2389 857 2437 recentiorem
887 2402 1094 2432 manum
1119 2383 1227 2433 satis
1261 2395 1437 2450 aperte
1466 2385 1618 2432 etiam

200 2483 260 2529 iis
315 2480 563 2546 prodent,
618 2481 707 2545 qui
752 2479 808 2526 in
851 2474 1167 2525 excutiendis
1212 2472 1409 2524 vetustis
1458 2490 1617 2522 mem-

201 2572 372 2622 branis
418 2588 525 2619 non
563 2569 714 2619 valde
755 2568 1013 2616 exercitati
1049 2564 1158 2613 sunt
1200 2582 1245 2614 e.
1273 2583 1319 2631 g.
1350 2580 1465 2630 pag.
1497 2571 1613 2619 255.

196 2676 324 2713 :nota
366 2664 445 2723 14)
475 2660 707 2709 editionis
737 2655 935 2720 nostrae
964 2655 1088 2704 inde
1109 2672 1137 2702 a
1157 2656 1296 2721 Quia
1326 2655 1614 2706 comoedia

201 2753 298 2807 alia
320 2770 474 2806 manu
495 2749 672 2818 scripta
694 2746 774 2798 est.
850 2747 1030 2797 Obiter
1059 2761 1248 2795 moneo
1276 2743 1413 2797 hanc
1437 2758 1624 2795 notam·
