1760 3086
327 135 384 163 12
871 113 1177 162 ANDRIA.

249 258 302 297 *20
318 251 545 314 Quorum
568 250 627 306 ²8)
658 242 901 293 aemulari
936 259 1141 312 exoptat
1164 243 1515 312 negligentiam
1528 246 1610 303 Ἀ),
1719 247 1751 271 '⁴

319 316 504 364 Potiusv
523 331 675 380 quarn
697 311 899 361 istorum
919 317 978 374 3⁰)
1012 313 1273 363 obscuram
1298 312 1619 379 diligentiam.
1743 322 1747 326 ’

319 382 515 431 Dehinc
532 394 596 445 vut
617 381 876 447 quiescant
901 399 1052 448 porro
1083 398 1265 431 moneo
1286 394 1335 430 et
1360 378 1662 441 definantffl)

320 448 621 497 Maledicere
642 453 702 508 32)
739 447 999 498 malefacta
1021 467 1083 498 ne
1107 450 1313 498 noscant
1338 449 1423 498 sua
1442 451 1514 508 33).
1655 453 1658 456 ⁴

321 521 525 573 Favete,
571 515 732 566 adeste
753 518 812 575 54)
851 533 1015 584 aequo
1046 517 1214 565 animo
1245 520 1318 577 35),
1345 529 1396 565 et
1425 534 1529 566 rem
1555 511 1615 579 3⁶)
1650 531 1730 564 co-

676 584 905 650 gnosoite.

250 662 303 703 25
319 654 384 700 Ut
405 651 710 717 pernoscatis
731 656 804 713 37),
841 648 966 718 quid
987 651 1085 717 spei
1108 649 1165 700 fit
1185 654 1246 713 38)
1281 624 1540 719 reliquurn
1561 655 1623 712 39)

378 771 443 818 28)
478 782 666 807 auctorum
731 773 796 819 29)
831 771 859 806 fi
884 781 1006 806 temen
1034 770 1256 816 negligentia
1285 771 1336 807 est
1409 771 1475 818 30)
1506 770 1732 807 aemulorum

423 830 487 874 3¹)
512 841 531 863 a
553 828 776 864 detractione
823 828 887 873 32)
916 827 1096 863 comicum
1117 827 1277 863 nostrum
1297 828 1345 862 T.
1400 829 1466 874 33)
1489 830 1537 864 ne
1557 828 1735 864 denoten-

422 895 481 921 tur
536 887 600 930 54)
625 899 689 932 pro
718 885 877 921 adestote
942 888 1006 932 35)
1030 885 1166 920 scilicet
1190 883 1279 932 (five
1306 897 1416 921 extat
1441 886 1539 921 enim
1564 898 1733 928 compen-

424 944 527 978 dium
546 945 736 990 scribendi
754 943 807 990 s)
837 955 912 978 non
942 940 1195 990 reprehensore
1257 942 1322 987 36)
1347 940 1524 993 fabulam·-
1565 942 1629 987 37)
1653 940 1677 974 i.
1701 953 1734 976 e.

422 999 623 1047 perspicere
644 1000 797 1035 noscatis
846 1001 910 1045 38)
930 999 969 1034 in
988 999 1068 1035 aliis
1090 997 1289 1035 comoediis
1305 998 1330 1033 i.
1351 1010 1383 1038 e.
1401 996 1537 1035 fabulis
1582 997 1646 1045 39)
1665 1009 1732 1045 pro

427 1057 607 1104 reliquum
627 1057 817 1105 antiquum
837 1055 905 1101 (ἲ)

322 1227 384 1276 qui
414 1225 503 1275 quid
532 1226 646 1260 facere
675 1221 906 1273 praecipiunt
931 1239 989 1260 ex-

265 1326 270 1329 „
322 1285 443 1333 emplo
485 1283 560 1318 [uo.
634 1283 694 1317 Sic
738 1281 987 1317 Academicor.

313 1342 384 1383 ,1V.
414 1354 447 1376 2.
473 1355 538 1378 nec
564 1342 779 1376 litterarum
815 1353 985 1386 graecar.

319 1412 385 1434 nec
402 1397 654 1444 philosophiae
673 1399 748 1432 iam
773 1399 890 1432 ullum
919 1411 987 1434 au-

320 1468 458 1493 ctorem
478 1458 672 1504 requirunt
697 1449 773 1490 scil.
800 1467 881 1489 cum
901 1453 991 1489 Afri-

321 1524 452 1547 canum
473 1522 508 1547 et
528 1512 708 1546 Catonem
727 1510 899 1550 habeant,
925 1511 988 1558 qui

322 1568 547 1603 dedicerunt.
573 1569 661 1604 Hor.
679 1567 792 1602 Serm.
812 1568 840 1604 Ι.
858 1573 892 1611 4.
912 1580 987 1602 122.

319 1626 430 1662 habes
457 1637 644 1661 auctorem
668 1638 738 1672 quo
759 1626 891 1668 facias
920 1625 989 1660 hoc

319 1695 352 1717 v.
375 1682 586 1727 interpretes
615 1679 661 1713 ad
679 1680 756 1716 Liv.
777 1682 822 1715 11.
843 1681 899 1723 56.

366 1750 422 1774 2ο.
455 1737 635 1781 exoptat]
685 1737 832 1783 propria
859 1736 992 1782 fignifi-

323 1795 466 1830 catione
488 1792 620 1826 dicitur
650 1805 715 1838 pro
743 1795 864 1840 eligit.
909 1794 990 1828 Cic.

322 1853 368 1887 de
390 1850 487 1887 offic.
505 1852 532 1884 Ι.
554 1857 609 1890 52.
630 1863 722 1898 quae
750 1854 888 1886 maiori
903 1864 991 1894 par-

321 1912 356 1945 ci
364 1908 612 1953 pulcherrima
631 1908 812 1943 videntur
820 1921 863 1944 ea
873 1911 992 1943 maxi-

321 1979 378 2002 me
395 1975 579 2008 exoptant
601 1975 631 1996 v.
650 1963 745 1997 Serv.
761 1964 808 1997 ad
818 1963 947 1998 Aneid.
960 1965 989 1998 Ι.

322 2022 378 2069 76.
401 2031 436 2056 et
453 2022 591 2058 Donat.
614 2020 660 2055 ad
681 2021 791 2056 Andr.
811 2023 874 2058 IV.
897 2030 933 2064 5.
956 2033 989 2055 2.

367 2079 669 2126 negligentiam]
736 2078 917 2124 negligere
941 2085 992 2111 'et

321 2134 541 2181 negligentia
569 2148 642 2169 non
672 2133 810 2181 semper
836 2133 917 2168 [unt
943 2133 992 2166 vi-

320 2190 431 2234 tiosa,
461 2190 522 2226 sed
545 2190 590 2226 de
610 2191 654 2226 iis
682 2191 790 2226 etiam
811 2189 990 2229 d1cuntur,

256 2252 259 2254 ’
324 2262 415 2298 quae
435 2247 584 2283 seientes
605 2258 641 2283 et
659 2247 821 2282 consulto
840 2257 992 2294 praeter-

322 2305 516 2341 mittimus.
538 2305 574 2338 in
596 2303 691 2339 Ptol.
721 2303 786 2339 Ad.
805 2317 835 2340 v,
863 2309 914 2346 14.
942 2316 992 2338 αη

323 2366 443 2401 locum
463 2361 715 2407 reprehenfitm
735 2363 797 2410 qui
812 2361 993 2406 praeteri-

323 2434 384 2458 tus
407 2421 640 2467 negligentia
659 2422 722 2464 eft.

370 2490 425 2512 22.
462 2476 675 2524 quieseant]
740 2472 780 2509 h.
808 2485 838 2507 e.
871 2470 989 2506 nullas

324 2533 445 2569 turbas
472 2542 650 2566 moveant.
676 2531 891 2575 Limus-49.
914 2541 991 2563 ma-

323 2592 401 2627 lum
421 2591 566 2638 quidem
587 2589 770 2624 militibus
792 2589 891 2624 meis,
920 2584 992 2628 tufi

326 2650 558 2696 quicum-inm
594 2650 650 2683 ἰια
677 2647 861 2693 inquietus
879 2641 927 2675 est
939 2645 994 2688 se-

326 2706 495 2751 ditiofics.
529 2704 605 2739 Liv.
632 2704 693 2740 111.
715 2708 771 2748 43.
791 2701 995 2750 inquietum

1064 1224 1245 1260 hominem
1281 1235 1318 1260 et
1353 1226 1582 1262 tribunatum
1619 1228 1735 1262 eciam

1064 1296 1162 1317 nunc
1173 1284 1394 1327 spirantem.
1413 1294 1445 1317 v.
1457 1284 1668 1328 interpretes
1687 1280 1735 1316 ad

1064 1339 1144 1375 Liv.
1165 1340 1278 1374 XLV.
1297 1327 1367 1383 371

1111 1396 1264 1440 moneo]
1308 1394 1387 1430 'hoc
1412 1393 1560 1430 verbum
1588 1392 1736 1429 commi-

1064 1451 1179 1486 nandi
1210 1451 1282 1486 vim
1307 1450 1442 1487 habere
1471 1451 1641 1486 Donatu-
1673 1449 1749 1484 ob·'

1065 1506 1176 1543 servat
1196 1508 1233 1542 in
1253 1508 1343 1542 Eun.
1364 1506 1454 1553 prol.
1486 1507 1540 1544 16.
1565 1509 1606 1543 ie
1618 1520 1666 1543 ne
1682 1520 1738 1543 er·-

1065 1578 1121 1602 ret
1140 1579 1268 1602 moneo
1288 1578 1324 1601 ec
1343 1565 1488 1609 desinat
1508 1566 1692 1611 lacessere.

1111 1629 1167 1667 24.
1216 1625 1353 1666 favete
1372 1622 1389 1666 ]
1460 1621 1737 1656 benevolentiae

1066 1679 1203 1725 lignum
1222 1679 1259 1712 in
1273 1678 1379 1720 saeris
1390 1677 1528 1722 ssgnum
1541 1689 1616 1714 ent
1632 1677 1737 1713 filen-

1066 1737 1130 1775 tii,
1161 1735 1246 1770 inde
1266 1745 1398 1770 veteres
1410 1735 1552 1777 favere
1569 1747 1634 1781 pro
1643 1735 1739 1780 file·

1066 1806 1106 1828 re
1119 1791 1297 1827 dixerunt.
1317 1790 1456 1825 Seneca
1476 1789 1522 1825 de
1539 1791 1609 1826 vita
1630 1790 1736 1827 beata

1067 1848 1165 1883 026.
1192 1846 1311 1883 Festus
1333 1846 1371 1880 in
1391 1859 1422 1880 v.
1443 1845 1571 1884 favere.
1596 1848 1663 1882 Par
1682 1858 1738 1883 raa

1066 1905 1119 1940 tio
1140 1904 1189 1939 est
1209 1903 1326 1950 graeci
1344 1902 1443 1938 verbi
1462 1902 1641 1949 ἔυφημεῖν.
1676 1903 1736 1938 De

1066 1959 1231 1995 formulis
1277 1959 1421 1998 animo,
1465 1969 1606 1998 mente,
1656 1970 1758 1996 ores

1068 2016 1202 2062 linguis
1224 2014 1359 2055 favere,
1385 2028 1417 2049 v.
1450 2015 1661 2063 interpretes
1691 2013 1739 2049 ad.

1067 2072 1133 2110 Sil.
1151 2072 1267 2106 Italic.
1289 2073 1389 2108 XVI.
1408 2079 1486 2118 295.

1116 2143 1230 2177 aequo
1250 2129 1400 2173 animo]
1444 2128 1470 2162 i.
1491 2140 1524 2164 e.
1546 2138 1565 2160 a
1587 2140 1659 2174 quo
1679 2126 1739 2162 ab·-

1067 2186 1111 2221 fit
1136 2185 1294 2221 studium
1322 2185 1499 2235 partium,
1523 2183 1562 2218 in
1588 2183 1736 2219 Phorm-

1068 2243 1158 2291 prol.
1187 2251 1242 2285 3¹·
1286 2244 1375 2279 date
1402 2255 1572 2287 operam,
1615 2241 1738 2287 adeste

1069 2314 1183 2349 aequo
1204 2302 1328 2335 animo
1351 2314 1417 2343 per
1434 2299 1647 2348 silentium.
1694 2315 1698 2319 ·

1114 2372 1189 2392 rem
1207 2356 1439 2403 cognoscite]
1481 2353 1650 2389 videlicet
1661 2363 1740 2388 tan-

1071 2425 1179 2460 quam
1204 2412 1356 2447 iudices.
1384 2410 1498 2447 Iudex
1525 2410 1644 2447 enim.
1675 2408 1760 2457 qui]

1067 2469 1170 2504 litem
1201 2469 1402 2508 examinat,
1429 2466 1574 2516 proprie
1605 2465 1760 2513 dicitur-3

1067 2540 1143 2562 rem
1173 2530 1398 2573 cognosbere.
1457 2522 1583 2558 sustin.
1615 2523 1660 2558 11.
1685 2528 1760 2562 ιο.ζ

1070 2594 1252 2618 certamen
1294 2582 1474 2618 concordi
1517 2582 1642 2615 animo
1667 2572 1670 2576 ⁸
1688 2565 1760 2616 adl

1073 2639 1339 2682 Artaphernem
1356 2641 1478 2674 veluti
1495 2639 1547 2673 ad
1574 2638 1742 2682 domesti-

1072 2707 1152 2732 cum
1172 2697 1330 2732 iudicem
1350 2696 1523 2740 deferunt
1552 2697 1617 2742 qui
1638 2695 1740 2738 domi
