1812 3100
208 227 212 232 .
327 192 420 235 272

242 2649 249 2653 ³
303 2639 392 2682 plus
421 2639 588 2685 iniquum
609 2639 742 2683 pnsfit.

620 134 1448 219 HEAUToNnMoRUMENos.
1508 230 1521 245 ⁶

319 305 501 355 Paucis
515 297 671 351 dabo
696 308 754 361 25)
783 300 1176 366 01at0re1n*)26)
1213 301 1375 354 voluit
1393 321 1470 353 me
1493 321 1596 353 non
1619 321 1732 372 pro-

648 370 742 418 ·flo
728 389 843 435 rum
879 377 940 428 27)

317 426 539 488 Vestrum
560 438 805 486 iudicium
826 437 889 498 28)
924 437 1050 488 fecit.
1083 457 1161 488 me
1195 452 1414 489 actorem
1437 444 1497 501 ²9)
1533 438 1684 492 dedit.

322 507 418 556 Sed
438 506 517 554 hic
538 519 679 555 actor
693 509 757 563 3⁰)
791 519 984 555 tantum
1010 509 1195 572 poterit
1223 527 1250 556 a
1275 509 1511 558 facundia
1535 511 1596 571 δ’)

321 577 572 639 Quantam
597 573 679 622 ille
701 577 761 629 52)
794 575 962 640 potuit
983 576 1201 639 cogitare
1221 577 1504 634 commode,

250 654 301 694 15
316 642 412 707 Qui
433 642 709 690 orationem
733 641 863 690 hanc
884 640 1090 707 scripfit,
1124 661 1275 708 quarn
1299 643 1524 693 dicturus
1546 645 1661 694 sum.

319 708 452 759 Nam
474 708 615 781 quod
644 726 873 758 rumores
903 709 967 768 33)
1001 708 1295 759 distulerunt
1325 713 1387 771 34)
1422 711 1640 762 malivoli
1668 717 1729 778 35)

315 776 507 825 Multas
528 774 588 836 56)
625 777 977 826 contaminasse
1003 795 1230 842 graecas,
1267 778 1381 829 dum
1404 779 1524 829 facit
1545 784 1626 841 ²¹)-

313 849 508 894 Paucas
529 842 735 902 latinas,
770 843 821 892 id
852 845 944 893 esse
968 842 1150 893 factum
1177 847 1256 894 hic
1281 847 1344 905 37)
1377 865 1479 896 non
1505 863 1664 912 negat.

315 916 500 980 Neque
520 912 572 961 id
591 915 628 974 *)
658 912 704 960 se
728 929 910 978 pigere,
922 915 982 974 38)
1018 926 1069 961 et
1088 912 1267 962 deinde
1286 913 1535 965 facturum
1549 919 1610 978 39)
1647 936 1730 968 au-

673 993 846 1028 tumat.

374 1130 440 1175 25)
462 1127 615 1162 breviter
634 1126 755 1161 dicam

818 1125 848 1168 ⁴'¹)
873 1128 966 1164 edit.
985 1127 1168 1165 add-esse
1224 1129 1283 1170 26)
1308 1127 1528 1166 defensorem
1547 1132 1731 1171 causarum

421 1197 457 1221 et
488 1183 760 1219 comoediarum
808 1187 866 1228 27)
898 1197 972 1218 non
1006 1185 1278 1232 prolocuturum
1341 1188 1405 1232 28)
1436 1188 1546 1224 vestra
1574 1192 1730 1236 potestas

419 1243 484 1288 29)
507 1240 740 1275 caufidicum.
771 1240 983 1288 potestatem
1007 1241 1135 1286 agendi
1168 1241 1288 1279 causas
1345 1249 1404 1287 5ο)
1429 1245 1625 1283 causarum.
1649 1261 1728 1294 ego.

418 1299 484 1344 31)
510 1299 547 1334 in
573 1298 782 1346 eloquentia
809 1307 939 1345 potens
1006 1297 1070 1343 52)
1097 1298 1300 1335 Menander
1325 1302 1396 1348 qui‘
1419 1303 1555 1348 primue
1581 1308 1730 1350 ebmpo·
1782 1326 1785 1330 >

417 1355 488 1392 suit
534 1362 591 1400 55)
618 1369 718 1391 more
736 1354 798 1390 suo
818 1351 1021 1393 maledictis
1043 1355 1265 1390 aemulorum
1285 1356 1477 1404 respondet
1509 1400 1511 1402 ι
1531 1362 1595 1408 54)
1624 1362 1729 1398 dma-

419 1424 608 1448 maverunt
656 1413 719 1458 35)
731 1411 863 1446 aemuli
885 1411 958 1446 mei
1008 1413 1070 1457 36)
1092 1412 1228 1448 fabulas
1275 1415 1410 1455 ⁴)ed1‘t.
1430 1415 1516 1452 fecit
1562 1421 1627 1465 37)
1645 1434 1729 1468 pne-

361 1490 365 1493 1
414 1481 453 1507 ta
499 1471 535 1517 *>
558 1472 649 1507 edic.
677 1471 801 1506 omitt.
832 1468 872 1503 id
918 1472 978 1511 38)
1018 1469 1203 1516 poenitere
1249 1475 1307 1517 39)
1341 1472 1379 1506 iu
1413 1472 1493 1510 aliis
1520 1475 1668 1514 fabulis.

312 1619 461 1658 docere.
489 1617 538 1653 [ic
567 1628 704 1653 actores
728 1616 862 1651 discere
882 1616 983 1651 fabu-

310 1676 390 1715 las,
427 1676 526 1722 quod
558 1676 711 1722 quisque
751 1687 873 1709 eorum
903 1674 980 1708 suas

309 1742 429 1780 partes
459 1730 596 1767 ediscit.
616 1745 647 1768 v.
668 1731 705 1765 in
725 1731 816 1765 Hec.
838 1730 928 1777 prol.
947 1743 980 1764 2.

260 1780 263 1784 ⁴
310 1801 343 1826 v.
365 1789 400 1823 6.

358 1857 402 1878 11.
422 1847 552 1890 paucis
567 1844 678 1888 daho]
710 1843 834 1890 paucis
847 1843 978 1881 dicam,

307 1901 477 1938 narrabo.
512 1901 640 1945 virgil.
678 1899 743 1935 ecl.
773 1901 800 1934 Ι.
835 1911 885 1945 ¹9.
913 1902 980 1944 iste

311 1961 416 1997 Deus
445 1961 509 2008 qui
526 1958 584 2002 fit
617 1958 667 1992 da
700 1958 831 2000 Tityre
858 1957 977 1991 nobis.

308 2015 348 2050 in
366 2016 509 2050 Phorm.
535 2016 579 2051 V.
601 2016 634 2049 6.
655 2022 710 2059 37.

359 2084 411 2105 ιι.
445 2071 656 2115 oratorem]
705 2080 825 2104 orator
847 2068 895 2103 est
920 2068 978 2102 cui

308 2126 412 2162 causa
434 2126 665 2161 defendenda
682 2126 883 2161 mandatur.
904 2124 977 2159 vid.

306 2184 407 2219 Don.
428 2182 473 2218 ad
488 2185 573 2220 Hec.
595 2184 690 2231 prol.
711 2197 742 2218 2.
769 2197 796 2221 ι.

352 2239 515 2287 vest'rum
525 2243 704 2277 iudicium
715 2241 829 2287 fecie]
854 2252 912 2274 vos
926 2239 978 2273 iu-

307 2296 407 2331 dices
429 2296 625 2332 constituit.
649 2299 725 2333 Liv.
748 2298 872 2332 XLIII.
899 2297 975 2330 1¹6.

357 2362 410 2396 13.
436 2353 495 2389 hic
512 2356 634 2400 aecor]
654 2344 738 2404 ’'egn
762 2365 800 2389 ut
819 2354 910 2388 infra
930 2354 974 2387 11.

305 2417 342 2453 3.
360 2424 371 2444 ¹
383 2419 435 2453 ¹5·
456 2410 540 2446 huic
555 2411 697 2448 homini
707 2412 754 2446 est
773 2411 873 2447 ηιίῘιί.
890 2410 977 2445 talia

305 2465 404 2514 gestu
434 2467 659 2505 adiuvamur.

351 2527 492 2569 poterit
519 2538 542 2558 a
562 2525 777 2569 facundia]
834 2534 976 2558 tanturn

305 2579 440 2614 valebit
459 2580 666 2627 eloquentia
690 2582 780 2616 infra
803 2594 833 2614 v.
856 2593 911 2624 27.
933 2594 977 2615 ne

780 2651 887 2686 quam
916 2651 978 2674 ae·

305 2709 416 2743 quum
446 2697 584 2730 oratio.
634 2695 758 2740 Nepos
786 2695 821 2728 in
855 2695 976 2728 Dione

305 2762 338 2785 e·-
357 2757 392 2792 3.
433 2725 549 2786 χΡίιιιό
574 2753 678 2796 apud
700 2752 892 2800 Dionysia
911 2765 976 2785 au-

1059 1620 1235 1653 ctoritate
1261 1621 1386 1662 potuit
1417 1631 1485 1655 ete.
1548 1622 1730 1670 Praepofi-

1058 1674 1109 1707 tio
1131 1687 1153 1707 a
1171 1673 1350 1718 eleganter
1371 1677 1517 1720 ponitur
1543 1691 1609 1725 pro
1629 1682 1730 1729 quod

1057 1734 1207 1765 attinet.
1229 1730 1344 1767 Plaut.
1366 1732 1403 1766 in
1435 1733 1619 1769 Au1u1.·11.
1638 1748 1671 1770 2.
1689 1748 1726 1781 9.

1057 1787 1160 1822 baud
1186 1800 1209 1820 a
1234 1791 1391 1831 pecunia
1420 1792 1544 1825 valeo.
1574 1791 1653 1826 Cic.
1687 1792 1727 1827 in

1056 1844 1168 1877 Bruto
1200 1856 1229 1879 c.
1259 1845 1316 1879 66.
1350 1846 1584 1882 mediocriter
1612 1861 1636 1883 α
1663 1850 1728 1884 do-

1055 1903 1179 1935 ctrina
1207 1902 1418 1945 instructus.
1446 1902 1517 1939 vid.
1549 1904 1650 1941 Cort,
1679 1905 1727 1939 ad.

1054 1955 1195 1992 Sallust,
1213 1958 1398 2002 lugurt.-c.
1420 1966 1477 2001 48.

1105 2019 1156 2057 14.
1183 2015 1397 2059 commode]
1447 2013 1550 2054 bene,
1570 2014 1727 2062 pulchre

1054 2079 1095 2105 ut
1116 2069 1153 2104 in
1172 2071 1261 2104 Hec.
1282 2073 1309 2106 1.
1331 2083 1362 2105 2.
1387 2079 1442 2113 33.

1105 2128 1155 2161 16.
1182 2140 1268 2162 nam
1287 2128 1409 2175 quod]
1457 2126 1614 2172 formula
1632 2137 1726 2163 tran-

1054 2182 1179 2217 [eundi
1215 2194 1250 2218 et
1278 2184 1519 2219 connectendi
1570 2185 1647 2219 Cic.
1675 2183 1723 2218 ad

1053 2240 1158 2274 Attic.
1191 2241 1252 2275 111.
1295 2253 1335 2274 ιο
1378 2241 1414 2274 in
1443 2240 1723 2288 Adelph.tprol.

1057 2304 1105 2337 15
1136 2310 1223 2332 nam
1250 2299 1351 2345 quod
1370 2301 1435 2344 isti
1458 2299 1587 2334 dicunt
1612 2300 1724 2333 male-

1051 2354 1148 2388 voli.

1099 2423 1264 2445 rumores
1293 2409 1540 2455 difi'ulerune]
1604 2409 1725 2455 vulga-

1052 2476 1146 2500 runt.
1166 2465 1264 2500 Suet‘
1284 2465 1322 2498 in
1336 2463 1433 2500 Caes
1456 2479 1486 2500 c.
1506 2473 1561 2508 33.
1581 2466 1618 2500 in
1633 2471 1722 2511 Aug.

1053 2534 1085 2558 c.
1109 2528 1158 2565 ¹4·
1182 2520 1255 2557 vid.
1269 2522 1418 2557 Boofius
1436 2522 1475 2560 in
1494 2521 1723 2569 ind.Nepot.

1054 2591 1140 2612 voce
1161 2579 1332 2621 differre.

1104 2647 1154 2681 ¹9·
1182 2635 1376 2679 autumat]
1433 2633 1544 2672 dicit,
1580 2632 1724 2681 profite-

1053 2702 1120 2726 tur.
1142 2694 1257 2730 Plaut.
1277 2694 1312 2726 in
1327 2691 1553 2725 Monafflhm.
1567 2691 1611 2725 V.
1627 2689 1666 2727 ’2,
1686 2694 1720 2732 8'.

1055 2762 1143 2794 quas
1162 2750 1203 2794 fi
1239 2756 1423 2785 autumem
1457 2761 1579 2784 omnes
1611 2749 1722 2784 nimi-r
