1812 3100
1576 0 1626 23 V&
1641 0 1718 24 ¹5⁵3?'j-,··
1732 0 1738 15 :-

1621 27 1640 39 ,Γ
1666 37 1669 39 .
1739 25 1748 36 .,,

302 177 392 221 172
791 112 1225 203 EUNUCHUS·

1617 280 1631 299 ι
1702 302 1703 310 1

282 297 345 341 Et
363 286 610 358 quicquid
630 284 784 337 huius
811 283 849 346 6)
880 287 994 345 feci,
1028 286 1175 335 causa
1195 285 1397 351 virginis
1606 326 1611 331 .
1642 323 1645 325 .

282 360 424 411 Feci3
449 374 564 403 nam
581 372 658 402 me
678 355 785 402 eius
812 357 851 414 7)
865 355 1064 419 Fratrem
1100 357 1141 415 8)
1164 356 1304 421 spero
1333 346 1702 420 propemodum

283 432 384 476 Iam
406 423 690 488 repperisse,
722 421 1077 471 adolescentem
1103 422 1230 475 adeo
1249 420 1463 470 nobilem
1480 459 1492 480 ,
1682 443 1686 445 *

150 500 265 557 [125
279 498 340 542 Et
361 495 404 541 is
430 490 579 539 hodie
603 503 871 541 venturum
898 491 961 539 ad
987 508 1066 539 me
1096 490 1354 539 constituit
1384 488 1602 538 domum.

285 558 570 610 Concedam
593 561 632 619 9)
685 555 804 633 hinc
831 558 991 616 intro,
1060 572 1215 626 atque
1244 556 1545 623 expectabo,
1580 553 1703 604 dum

638 638 788 675 vemt.

282 767 506 835 (Ac’rus
540 768 596 817 II.
659 768 859 816 SanA
888 764 922 812 I.
988 766 1323 814 PHAEDRIA.
1354 764 1701 823 PARMENO.)

280 882 552 932 PHAEDR.
584 880 644 939 ¹⁰)
690 882 790 928 Fac
822 880 916 937 ita,
947 893 1005 928 ut
1023 877 1153 938 iussi,
1187 867 1505 927 deducantur
1526 869 1614 925 isti.
1645 880 1702 937 ¹¹)

639 948 831 995 PARM.
866 949 1080 996 Faciam.
1149 950 1247 995 PH.
1282 952 1345 994 At
1368 943 1636 1008 diligenter.

283 1019 419 1069 PAR.
451 1018 571 1066 Fiet.

566 1203 570 1205 Α
618 1204 620 1207 .
637 1150 727 1199 Ah.

637 1018 738 1063 PH.
787 1022 852 1063 At
883 1028 1092 1063 mature.
1127 1020 1185 1074 12)
1251 1015 1384 1061 PAR.
1415 1012 1535 1060 Fiet.

641 1083 810 1132 Satine
839 1082 938 1132 hoc
973 1081 1267 1131 mandatum
1298 1082 1365 1130 est
1393 1079 1517 1129 tibi?
1570 1081 1721 1129 PAR..

1603 1004 1702 1060 PH.

279 1222 536 1288 Rogitare‚
574 1216 711 1285 quali
740 1215 940 1267 difficile
965 1215 1041 1266 sit!
1079 1220 1138 1277 ΧΞ)

282 1292 491 1339 Utinam
510 1301 614 1336 tam
635 1285 830 1353 aliquid
849 1279 1073 1336 invenire
1093 1283 1238 1334 facile
1258 1280 1423 1351 posfis,
1443 1279 1700 1338 Phaedria,

344 1422 387 1469 6)
422 1418 618 1456 Thrasonis
648 1418 799 1453 nomine
864 1422 899 1463 7)
932 1417 1077 1462 virginis
1135 1421 1171 1459 8)
1208 1414 1401 1450 Chremem
1458 1416 1496 1461 9)
1526 1412 1703 1449 transeam

391 1479 451 1524 10)
479 1476 669 1526 postquam
688 1489 770 1511 cum
789 1475 936 1511 Thaide
956 1475 1051 1510 venit
1074 1473 1118 1507 ad
1138 1472 1288 1507 domum
1319 1471 1395 1506 eius
1424 1470 1627 1518 iterumque
1654 1469 1702 1505 ad

385 1534 483 1570 [uam
504 1533 553 1569 est
580 1533 732 1568 domum
759 1531 932 1571 reversus,
961 1529 1167 1578 praeciebat
1192 1527 1479 1577 (praecipiebat)
1499 1527 1594 1563 istud
1621 1519 1703 1562 Par-

387 1591 538 1626 menoni
607 1591 668 1634 11)
696 1589 819 1637 puella
848 1599 883 1624 et
913 1587 1102 1623 eunuchus
1154 1586 1216 1635 12)
1242 1587 1425 1622 celerrime
1476 1585 1542 1630 13)
1561 1583 1634 1620 hoc
1651 1583 1703 1618 fa·

390 1661 470 1685 cere
496 1646 596 1695 quod
621 1658 736 1693 rogas.

332 1799 406 1825 122.
448 1798 485 1823 et
514 1785 691 1833 quicquid
717 1783 824 1818 huius
849 1781 954 1825 feci]

283 1845 420 1882 [cilicet
457 1845 526 1880 rci-
597 1840 818 1875 Pronomina
853 1838 956 1885 quid—

283 1903 394 1952 quid,
421 1900 608 1947 quidnam,
636 1896 736 1944 quid,
765 1895 814 1934 id,
843 1895 954 1934 idem,

283 1960 444 2008 aliquid,
478 1958 581 2002 [aepe
609 1967 692 1989 cum
722 1953 879 2000 genitivo
898 1964 956 1997 ge-

282 2020 379 2054 neris
399 2015 663 2051 construuntur.
689 2023 721 2045 v.
742 2010 953 2057 interpretes

282 2076 329 2111 ad
350 2075 425 2111 Liv.
448 2072 595 2107 XXXII.
618 2077 673 2112 37.

331 2138 406 2175 124.
427 2128 544 2172 adeo]
595 2122 745 2172 quidam
769 2121 953 2168 explicant

279 2191 414 2227 valde,
441 2190 559 2234 sane.
597 2180 659 2216 sed
686 2179 808 2227 potius
840 2178 953 2217 abun-

282 2246 367 2281 dare
395 2243 548 2279 videtur.
577 2252 607 2275 v,
625 2238 762 2273 Donat.
791 2234 837 2270 ad
862 2235 900 2269 h.
925 2234 950 2268 l.

280 2314 317 2340 et
334 2301 471 2337 Duker.
504 2297 550 2332 ad
566 2296 660 2331 Flor.
687 2296 714 2329 Ι.
742 2301 793 2334 18.
813 2305 849 2339 p.
875 2300 951 2336 198,

330 2367 406 2402 ¹25·
437 2357 489 2391 ad
517 2368 572 2390 me
599 2350 769 2394 domum]
816 2348 863 2383 fic
886 2350 952 2382 La-

279 2416 351 2454 tini
384 2413 489 2459 saepe
538 2411 762 2456 dicunt'pro
805 2407 952 2442 domum

281 2486 408 2510 meam.
438 2470 531 2504 infra
553 2470 616 2505 111,
636 2475 668 2509 5.
692 2474 746 2508 28.
765 2465 869 2511 adse}
891 2463 953 2498 ab·

280 2531 386 2567 ducit
414 2528 573 2563 domum.
603 2524 641 2558 iu
660 2523 750 2557 Hec.
773 2522 818 2555 V.
839 2528 871 2562 3.
893 2525 950 2564 24.

279 2588 332 2623 ad
351 2600 404 2621 me
424 2586 627 2629 confugere
654 2581 813 2615 domum.

326 2640 543 2688 constituit]
601 2636 815 2672 constituere
841 2632 951 2667 alicui

278 2699 335 2734 vel
355 2711 435 2733 cum
456 2697 579 2743 aliquo
590 2694 639 2729 est
658 2691 849 2728 convenire
868 2703 948 2724 cum

280 2756 405 2804 aliquo
425 2753 471 2790 de
490 2754 593 2794 loco,
617 2762 799 2798 tempore.
834 2757 870 2783 et
889 2759 950 2781 ne-

1032 1779 1145 1825 gotio,
1166 1776 1241 1815 ubi.
1263 1773 1410 1826 quando
1422 1785 1457 1810 et
1469 1786 1579 1823 quare
1597 1786 1699 1810 coea-

1031 1846 1099 1870 tur.
1130 1835 1167 1868 in
1193 1834 1281 1867 Hec.
1309 1833 1337 1866 1.
1355 1843 1389 1865 2.
1416 1843 1491 1865 120.
1513 1845 1599 1867 nam
1616 1845 1700 1868 con-

1021 1894 1156 1936 stitui,
1186 1903 1267 1925 cum
1295 1889 1455 1937 quodam
1501 1891 1615 1934 ospite
1644 1902 1699 1923 me

1029 1953 1095 1996 ess'e
1123 1948 1231 1984 illum
1259 1957 1526 1982 conventuram
1536 1968 1545 1983 ,
1576 1944 1640 1979 ubi
1667 1958 1698 1979 v.

1030 2008 1130 2041 Don.
1149 2003 1310 2039 Titinius
1338 2013 1395 2048 ap.
1415 2001 1516 2035 Non.
1534 2001 1699 2039 Marcell,

1029 2077 1065 2111 p.
1091 2062 1166 2106 146.
1176 2061 1218 2105 fi
1234 2073 1298 2096 rus
1322 2071 1403 2094 cum
1414 2060 1542 2104 Jborco
1562 2061 1698 2104 confli-

1028 2123 1102 2156 cuit
1133 2122 1198 2154 ire.
1229 2118 1351 2151 Iuven.
1371 2115 1444 2148 Sat.
1463 2115 1525 2150 111.
1558 2126 1608 2150 12.
1639 2114 1700 2149 irie

1027 2177 1091 2212 ubi
1109 2186 1312 2211 nocturnae
1322 2171 1360 2206 N
1362 2183 1448 2207 uma
1458 2172 1698 2216 constituebat

1026 2235 1179 2269 amicae.
1234 2230 1352 2275 Huius
1389 2226 1486 2261 verbi
1521 2226 1592 2260 vim
1622 2227 1699 2274 pul-

1027 2289 1113 2324 chre
1140 2287 1314 2336 explicuit
1333 2285 1495 2321 Gronov.
1526 2282 1698 2319 observat.

1027 2348 1090 2382 XI.
1115 2359 1145 2381 1.

1149 2447 1254 2481 AcT.
1279 2445 1326 2479 11.
1373 2443 1509 2480 Scau.
1538 2455 1569 2483 ι.

1074 2522 1108 2557 3.
1131 2512 1326 2562 rogitare]
1384 2524 1448 2558 per
1474 2507 1614 2554 ellipfin
1641 2507 1698 2550 gli-

1028 2572 1120 2607 citur
1138 2584 1204 2618 pro
1224 2584 1273 2617 an
1291 2562 1384 2613 o'pus
1403 2571 1453 2613 esc
1466 2569 1648 2613 rogitare.

1072 2634 1108 2673 4.
1132 2626 1326 2670 invenire]
1375 2625 1399 2661 i.
1418 2637 1448 2658 e.
1471 2634 1612 2669 parare,
1640 2633 1697 2655 ae-

1028 2686 1186 2735 quitere,
1215 2693 1254 2718 ut
1273 2683 1312 2717 in
1329 2681 1439 2718 Andr.
1459 2681 1488 2715 1.
1513 2692 1542 2714 1.
1561 2686 1620 2725 39.
1638 2680 1694 2714 in·

1026 2745 1152 2780 venies
1169 2742 1329 2778 laudem.
1406 2744 1408 2747 '

1772 3064 1793 3100 ‘aaz
1765 2916 1804 3054 »ἲς-«ι».
