<?xml version="1.0" encoding="UTF-8"?>
<!DOCTYPE html PUBLIC "-//W3C//DTD XHTML 1.0 Transitional//EN"
    "http://www.w3.org/TR/xhtml1/DTD/xhtml1-transitional.dtd">
<html xmlns="http://www.w3.org/1999/xhtml" xml:lang="en" lang="en">
 <head>
  <title>
</title>
<meta http-equiv="Content-Type" content="text/html;charset=utf-8" />
  <meta name='ocr-system' content='tesseract 3.04.00' />
  <meta name='ocr-capabilities' content='ocr_page ocr_carea ocr_par ocr_line ocrx_word'/>
</head>
<body>
  <div class='ocr_page' id='page_1' title='image "./comoediaesex01tereuoft_0226.png"; bbox 0 0 1812 3100; ppageno 0'>
   <div class='ocr_carea' id='block_1_1' title="bbox 270 171 368 219">
    <p class='ocr_par' dir='ltr' id='par_1_1' title="bbox 270 171 368 219">
     <span class='ocr_line' id='line_1_1' title="bbox 270 171 368 219; baseline 0 -1"><span class='ocrx_word' id='word_1_1' title='bbox 270 171 368 219; x_wconf 52' lang='lat'>*188</span> 
     </span>
    </p>
   </div>
   <div class='ocr_carea' id='block_1_2' title="bbox 765 161 1197 222">
    <p class='ocr_par' dir='ltr' id='par_1_2' title="bbox 765 161 1197 222">
     <span class='ocr_line' id='line_1_2' title="bbox 765 161 1197 222; baseline 0.014 -6"><span class='ocrx_word' id='word_1_2' title='bbox 765 161 1197 222; x_wconf 56' lang='lat' dir='ltr'>EUNUCHU&amp;</span> 
     </span>
    </p>
   </div>
   <div class='ocr_carea' id='block_1_3' title="bbox 1590 0 1812 262">
    <p class='ocr_par' dir='ltr' id='par_1_3' title="bbox 1590 0 1812 262">
     <span class='ocr_line' id='line_1_3' title="bbox 1590 0 1783 34; baseline -0.005 -9"><span class='ocrx_word' id='word_1_3' title='bbox 1590 0 1605 25; x_wconf 69' lang='lat' dir='ltr'>&#39;f</span> <span class='ocrx_word' id='word_1_4' title='bbox 1630 20 1632 23; x_wconf 85' lang='lat'>.</span> <span class='ocrx_word' id='word_1_5' title='bbox 1639 0 1689 25; x_wconf 49' lang='lat' dir='ltr'>‘&#39;a&#39;&#39;r‘f</span> <span class='ocrx_word' id='word_1_6' title='bbox 1711 6 1714 7; x_wconf 50' lang='lat'><em>⁷</em></span> <span class='ocrx_word' id='word_1_7' title='bbox 1748 0 1783 34; x_wconf 53' lang='grc' dir='ltr'>.ὁὶ</span> 
     </span>
     <span class='ocr_line' id='line_1_4' title="bbox 1646 0 1812 225; baseline 0 0"><span class='ocrx_word' id='word_1_8' title='bbox 1646 66 1650 73; x_wconf 37' lang='lat' dir='ltr'>i</span> <span class='ocrx_word' id='word_1_9' title='bbox 1766 0 1812 225; x_wconf 56' lang='grc' dir='ltr'><strong>Ἰ</strong></span> 
     </span>
     <span class='ocr_line' id='line_1_5' title="bbox 1660 94 1669 107; baseline 0 0"><span class='ocrx_word' id='word_1_10' title='bbox 1660 94 1669 107; x_wconf 64' lang='lat' dir='ltr'>x</span> 
     </span>
     <span class='ocr_line' id='line_1_6' title="bbox 1781 217 1812 238; baseline 0 -9"><span class='ocrx_word' id='word_1_11' title='bbox 1781 217 1785 229; x_wconf 75' lang='lat' dir='ltr'>x</span> <span class='ocrx_word' id='word_1_12' title='bbox 1802 227 1812 238; x_wconf 39' lang='lat'>⁴:-</span> 
     </span>
     <span class='ocr_line' id='line_1_7' title="bbox 1700 249 1812 262; baseline 0 -5"><span class='ocrx_word' id='word_1_13' title='bbox 1700 258 1702 262; x_wconf 56' lang='grc'>,</span> <span class='ocrx_word' id='word_1_14' title='bbox 1803 249 1812 259; x_wconf 56' lang='lat'>.-</span> 
     </span>
    </p>
   </div>
   <div class='ocr_carea' id='block_1_4' title="bbox 266 302 1696 391">
    <p class='ocr_par' dir='ltr' id='par_1_4' title="bbox 266 302 1696 391">
     <span class='ocr_line' id='line_1_8' title="bbox 266 302 1696 391; baseline 0.004 -38"><span class='ocrx_word' id='word_1_15' title='bbox 266 306 398 353; x_wconf 88' lang='lat' dir='ltr'>PAR.</span> <span class='ocrx_word' id='word_1_16' title='bbox 432 307 576 391; x_wconf 81' lang='lat' dir='ltr'>Pape.</span> <span class='ocrx_word' id='word_1_17' title='bbox 642 305 740 352; x_wconf 90' lang='lat' dir='ltr'>CH.</span> <span class='ocrx_word' id='word_1_18' title='bbox 780 302 931 352; x_wconf 82' lang='lat' dir='ltr'>Color</span> <span class='ocrx_word' id='word_1_19' title='bbox 962 322 1124 354; x_wconf 82' lang='lat' dir='ltr'>verus.</span> <span class='ocrx_word' id='word_1_20' title='bbox 1148 312 1210 369; x_wconf 86' lang='lat'>7⁰)</span> <span class='ocrx_word' id='word_1_21' title='bbox 1249 324 1372 374; x_wconf 84' lang='lat' dir='ltr'>corp</span> <span class='ocrx_word' id='word_1_22' title='bbox 1376 325 1436 357; x_wconf 87' lang='lat' dir='ltr'>us</span> <span class='ocrx_word' id='word_1_23' title='bbox 1469 306 1696 362; x_wconf 74' lang='lat' dir='ltr'>solidum·v</span> 
     </span>
    </p>
   </div>
   <div class='ocr_carea' id='block_1_5' title="bbox 622 370 1181 438">
    <p class='ocr_par' dir='ltr' id='par_1_5' title="bbox 622 370 1181 438">
     <span class='ocr_line' id='line_1_9' title="bbox 622 370 1181 438; baseline -0.005 -19"><span class='ocrx_word' id='word_1_24' title='bbox 622 384 672 419; x_wconf 84' lang='lat' dir='ltr'>et</span> <span class='ocrx_word' id='word_1_25' title='bbox 708 372 840 420; x_wconf 86' lang='lat' dir='ltr'>succi</span> <span class='ocrx_word' id='word_1_26' title='bbox 870 370 1089 438; x_wconf 83' lang='lat' dir='ltr'>plenum.</span> <span class='ocrx_word' id='word_1_27' title='bbox 1122 377 1181 434; x_wconf 83' lang='lat'>7¹)</span> 
     </span>
    </p>
   </div>
   <div class='ocr_carea' id='block_1_6' title="bbox 1257 375 1680 438">
    <p class='ocr_par' dir='ltr' id='par_1_6' title="bbox 1257 375 1680 438">
     <span class='ocr_line' id='line_1_10' title="bbox 1257 375 1680 438; baseline -0.007 -15"><span class='ocrx_word' id='word_1_28' title='bbox 1257 378 1390 426; x_wconf 86' lang='lat' dir='ltr'>PAR.</span> <span class='ocrx_word' id='word_1_29' title='bbox 1426 375 1591 424; x_wconf 81' lang='lat' dir='ltr'>Anni?</span> <span class='ocrx_word' id='word_1_30' title='bbox 1606 381 1680 438; x_wconf 79' lang='lat'>7²)</span> 
     </span>
    </p>
   </div>
   <div class='ocr_carea' id='block_1_7' title="bbox 265 441 1678 572">
    <p class='ocr_par' dir='ltr' id='par_1_7' title="bbox 265 441 1678 572">
     <span class='ocr_line' id='line_1_11' title="bbox 626 441 1265 503; baseline -0.002 -16"><span class='ocrx_word' id='word_1_31' title='bbox 626 441 724 487; x_wconf 85' lang='lat' dir='ltr'>CH.</span> <span class='ocrx_word' id='word_1_32' title='bbox 760 441 925 487; x_wconf 83' lang='lat' dir='ltr'>Anni?</span> <span class='ocrx_word' id='word_1_33' title='bbox 961 441 1181 490; x_wconf 85' lang='lat' dir='ltr'>sedecim.</span> <span class='ocrx_word' id='word_1_34' title='bbox 1205 447 1265 503; x_wconf 81' lang='lat'>73)</span> 
     </span>
     <span class='ocr_line' id='line_1_12' title="bbox 265 504 1678 572; baseline 0.004 -17"><span class='ocrx_word' id='word_1_35' title='bbox 265 508 397 555; x_wconf 86' lang='lat' dir='ltr'>PAR.</span> <span class='ocrx_word' id='word_1_36' title='bbox 424 504 540 554; x_wconf 85' lang='lat' dir='ltr'>Flos</span> <span class='ocrx_word' id='word_1_37' title='bbox 564 506 673 572; x_wconf 88' lang='lat' dir='ltr'>ipse</span> <span class='ocrx_word' id='word_1_38' title='bbox 724 510 836 555; x_wconf 91' lang='lat' dir='ltr'>CH</span> <span class='ocrx_word' id='word_1_39' title='bbox 848 510 995 557; x_wconf 83' lang='lat' dir='ltr'>Hanc</span> <span class='ocrx_word' id='word_1_40' title='bbox 1016 521 1072 556; x_wconf 85' lang='lat' dir='ltr'>tu</span> <span class='ocrx_word' id='word_1_41' title='bbox 1093 508 1214 559; x_wconf 86' lang='lat' dir='ltr'>mihi</span> <span class='ocrx_word' id='word_1_42' title='bbox 1232 509 1312 561; x_wconf 87' lang='lat' dir='ltr'>vel</span> <span class='ocrx_word' id='word_1_43' title='bbox 1332 513 1401 571; x_wconf 87' lang='lat' dir='ltr'>vi,</span> <span class='ocrx_word' id='word_1_44' title='bbox 1434 511 1513 563; x_wconf 89' lang='lat' dir='ltr'>vel</span> <span class='ocrx_word' id='word_1_45' title='bbox 1537 510 1678 570; x_wconf 87' lang='lat' dir='ltr'>clam,</span> 
     </span>
    </p>
   </div>
   <div class='ocr_carea' id='block_1_8' title="bbox 625 572 948 641">
    <p class='ocr_par' dir='ltr' id='par_1_8' title="bbox 625 572 948 641">
     <span class='ocr_line' id='line_1_13' title="bbox 625 572 948 641; baseline -0.003 -18"><span class='ocrx_word' id='word_1_46' title='bbox 625 596 648 623; x_wconf 87' lang='lat' dir='ltr'>v</span> <span class='ocrx_word' id='word_1_47' title='bbox 641 572 698 622; x_wconf 91' lang='lat' dir='ltr'>el</span> <span class='ocrx_word' id='word_1_48' title='bbox 718 576 948 641; x_wconf 82' lang='lat' dir='ltr'>precario</span> 
     </span>
    </p>
   </div>
   <div class='ocr_carea' id='block_1_9' title="bbox 264 641 1581 711">
    <p class='ocr_par' dir='ltr' id='par_1_9' title="bbox 264 641 1581 711">
     <span class='ocr_line' id='line_1_14' title="bbox 264 641 1581 711; baseline 0.006 -23"><span class='ocrx_word' id='word_1_49' title='bbox 264 646 366 690; x_wconf 83' lang='lat' dir='ltr'>Fac</span> <span class='ocrx_word' id='word_1_50' title='bbox 389 642 572 701; x_wconf 81' lang='lat' dir='ltr'>tradas,</span> <span class='ocrx_word' id='word_1_51' title='bbox 607 660 719 690; x_wconf 82' lang='lat' dir='ltr'>mea</span> <span class='ocrx_word' id='word_1_52' title='bbox 738 641 809 690; x_wconf 88' lang='lat' dir='ltr'>nil</span> <span class='ocrx_word' id='word_1_53' title='bbox 831 642 980 690; x_wconf 80' lang='lat' dir='ltr'><strong>refert</strong></span> <span class='ocrx_word' id='word_1_54' title='bbox 997 645 1075 701; x_wconf 84' lang='grc'>74)</span> <span class='ocrx_word' id='word_1_55' title='bbox 1094 643 1210 694; x_wconf 86' lang='lat' dir='ltr'>dum</span> <span class='ocrx_word' id='word_1_56' title='bbox 1230 649 1397 711; x_wconf 85' lang='lat' dir='ltr'>potiar</span> <span class='ocrx_word' id='word_1_57' title='bbox 1418 645 1581 696; x_wconf 87' lang='lat' dir='ltr'>modo.</span> 
     </span>
    </p>
   </div>
   <div class='ocr_carea' id='block_1_10' title="bbox 261 711 395 758">
    <p class='ocr_par' dir='ltr' id='par_1_10' title="bbox 261 711 395 758">
     <span class='ocr_line' id='line_1_15' title="bbox 261 711 395 758; baseline 0.007 -1"><span class='ocrx_word' id='word_1_58' title='bbox 261 711 395 758; x_wconf 85' lang='lat' dir='ltr'>PAR.</span> 
     </span>
    </p>
   </div>
   <div class='ocr_carea' id='block_1_11' title="bbox 434 710 1677 778">
    <p class='ocr_par' dir='ltr' id='par_1_11' title="bbox 434 710 1677 778">
     <span class='ocr_line' id='line_1_16' title="bbox 434 710 1677 778; baseline 0.004 -20"><span class='ocrx_word' id='word_1_59' title='bbox 434 710 600 778; x_wconf 76' lang='lat' dir='ltr'>Quid?</span> <span class='ocrx_word' id='word_1_60' title='bbox 634 711 773 773; x_wconf 80' lang='lat' dir='ltr'>virgo</span> <span class='ocrx_word' id='word_1_61' title='bbox 796 710 913 758; x_wconf 85' lang='lat' dir='ltr'>cuia</span> <span class='ocrx_word' id='word_1_62' title='bbox 932 713 995 771; x_wconf 84' lang='lat'>75)</span> <span class='ocrx_word' id='word_1_63' title='bbox 1026 713 1126 760; x_wconf 82' lang='lat' dir='ltr'>est?</span> <span class='ocrx_word' id='word_1_64' title='bbox 1175 714 1270 762; x_wconf 91' lang='lat' dir='ltr'>CH.</span> <span class='ocrx_word' id='word_1_65' title='bbox 1301 715 1479 764; x_wconf 88' lang='lat' dir='ltr'>Nescio</span> <span class='ocrx_word' id='word_1_66' title='bbox 1498 713 1677 764; x_wconf 82' lang='lat' dir='ltr'>hercle.</span> 
     </span>
    </p>
   </div>
   <div class='ocr_carea' id='block_1_12' title="bbox 190 774 1677 977">
    <p class='ocr_par' dir='ltr' id='par_1_12' title="bbox 190 774 1677 977">
     <span class='ocr_line' id='line_1_17' title="bbox 621 774 1677 845; baseline 0.001 -20"><span class='ocrx_word' id='word_1_67' title='bbox 621 779 743 825; x_wconf 85' lang='lat' dir='ltr'>PAR</span> <span class='ocrx_word' id='word_1_68' title='bbox 783 776 927 824; x_wconf 84' lang='lat' dir='ltr'>Unde</span> <span class='ocrx_word' id='word_1_69' title='bbox 965 780 1064 827; x_wconf 84' lang='lat' dir='ltr'>est?</span> <span class='ocrx_word' id='word_1_70' title='bbox 1119 782 1215 830; x_wconf 89' lang='lat' dir='ltr'>CH.</span> <span class='ocrx_word' id='word_1_71' title='bbox 1249 774 1590 831; x_wconf 80' lang='lat' dir='ltr'>Tantundem.</span> <span class='ocrx_word' id='word_1_72' title='bbox 1616 781 1677 845; x_wconf 86' lang='grc'>76)</span> 
     </span>
     <span class='ocr_line' id='line_1_18' title="bbox 617 843 1131 896; baseline 0.008 -4"><span class='ocrx_word' id='word_1_73' title='bbox 617 846 749 892; x_wconf 87' lang='lat' dir='ltr'>PAR.</span> <span class='ocrx_word' id='word_1_74' title='bbox 785 843 884 892; x_wconf 90' lang='lat' dir='ltr'>Ubi</span> <span class='ocrx_word' id='word_1_75' title='bbox 907 845 1131 896; x_wconf 80' lang='lat' dir='ltr'>habitat?</span> 
     </span>
     <span class='ocr_line' id='line_1_19' title="bbox 190 911 1677 977; baseline 0.001 -14"><span class='ocrx_word' id='word_1_76' title='bbox 190 917 247 963; x_wconf 82' lang='lat'>¹50</span> <span class='ocrx_word' id='word_1_77' title='bbox 263 914 359 961; x_wconf 87' lang='lat' dir='ltr'>CH.</span> <span class='ocrx_word' id='word_1_78' title='bbox 394 917 474 963; x_wconf 88' lang='lat' dir='ltr'>Ne</span> <span class='ocrx_word' id='word_1_79' title='bbox 500 911 551 961; x_wconf 86' lang='lat' dir='ltr'>id</span> <span class='ocrx_word' id='word_1_80' title='bbox 575 911 788 977; x_wconf 82' lang='lat' dir='ltr'>quidem.</span> <span class='ocrx_word' id='word_1_81' title='bbox 807 918 868 971; x_wconf 90' lang='lat'>77)</span> <span class='ocrx_word' id='word_1_82' title='bbox 937 916 1069 962; x_wconf 87' lang='lat' dir='ltr'>PAR.</span> <span class='ocrx_word' id='word_1_83' title='bbox 1103 914 1204 963; x_wconf 90' lang='lat' dir='ltr'>Ubi</span> <span class='ocrx_word' id='word_1_84' title='bbox 1231 915 1437 964; x_wconf 79' lang='lat' dir='ltr'>vidisti?</span> <span class='ocrx_word' id='word_1_85' title='bbox 1489 917 1584 964; x_wconf 91' lang='lat' dir='ltr'>CH.</span> <span class='ocrx_word' id='word_1_86' title='bbox 1618 921 1677 965; x_wconf 84' lang='lat' dir='ltr'>In</span> 
     </span>
    </p>
   </div>
   <div class='ocr_carea' id='block_1_13' title="bbox 616 997 710 1028">
    <p class='ocr_par' dir='ltr' id='par_1_13' title="bbox 616 997 710 1028">
     <span class='ocr_line' id='line_1_20' title="bbox 616 997 710 1028; baseline -0.012 0"><span class='ocrx_word' id='word_1_87' title='bbox 616 997 710 1028; x_wconf 80' lang='lat' dir='ltr'>vla.</span> 
     </span>
    </p>
   </div>
   <div class='ocr_carea' id='block_1_14' title="bbox 779 974 1611 1049">
    <p class='ocr_par' dir='ltr' id='par_1_14' title="bbox 779 974 1611 1049">
     <span class='ocr_line' id='line_1_21' title="bbox 779 974 1611 1049; baseline 0.007 -22"><span class='ocrx_word' id='word_1_88' title='bbox 779 982 912 1029; x_wconf 91' lang='lat' dir='ltr'>PAR.</span> <span class='ocrx_word' id='word_1_89' title='bbox 947 985 1063 1049; x_wconf 76' lang='lat' dir='ltr'>Qua</span> <span class='ocrx_word' id='word_1_90' title='bbox 1090 984 1285 1031; x_wconf 75' lang='lat' dir='ltr'>latione</span> <span class='ocrx_word' id='word_1_91' title='bbox 1317 974 1540 1032; x_wconf 78' lang='lat' dir='ltr'>amisisti?</span> <span class='ocrx_word' id='word_1_92' title='bbox 1571 985 1611 1042; x_wconf 87' lang='lat'>*)</span> 
     </span>
    </p>
   </div>
   <div class='ocr_carea' id='block_1_15' title="bbox 257 1043 1675 1251">
    <p class='ocr_par' dir='ltr' id='par_1_15' title="bbox 257 1043 1675 1251">
     <span class='ocr_line' id='line_1_22' title="bbox 257 1043 1675 1115; baseline 0.002 -19"><span class='ocrx_word' id='word_1_93' title='bbox 257 1049 353 1097; x_wconf 92' lang='lat' dir='ltr'>CH.</span> <span class='ocrx_word' id='word_1_94' title='bbox 395 1048 448 1096; x_wconf 85' lang='lat' dir='ltr'>Id</span> <span class='ocrx_word' id='word_1_95' title='bbox 483 1046 717 1115; x_wconf 81' lang='lat' dir='ltr'>equidem</span> <span class='ocrx_word' id='word_1_96' title='bbox 749 1053 808 1107; x_wconf 89' lang='grc'>78)</span> <span class='ocrx_word' id='word_1_97' title='bbox 863 1048 1132 1099; x_wconf 82' lang='lat' dir='ltr'>adveniens</span> <span class='ocrx_word' id='word_1_98' title='bbox 1164 1068 1359 1099; x_wconf 89' lang='lat' dir='ltr'>mecum</span> <span class='ocrx_word' id='word_1_99' title='bbox 1394 1043 1675 1100; x_wconf 83' lang='lat' dir='ltr'>stomacha-</span> 
     </span>
     <span class='ocr_line' id='line_1_23' title="bbox 616 1114 1355 1176; baseline 0.003 -14"><span class='ocrx_word' id='word_1_100' title='bbox 616 1114 709 1162; x_wconf 81' lang='lat' dir='ltr'>bar</span> <span class='ocrx_word' id='word_1_101' title='bbox 737 1118 800 1176; x_wconf 89' lang='grc'>79)</span> <span class='ocrx_word' id='word_1_102' title='bbox 831 1117 1004 1174; x_wconf 88' lang='lat' dir='ltr'>modo,</span> <span class='ocrx_word' id='word_1_103' title='bbox 1354 1139 1355 1142; x_wconf 43' lang='lat'>¹</span> 
     </span>
     <span class='ocr_line' id='line_1_24' title="bbox 257 1183 1672 1251; baseline -0.002 -17"><span class='ocrx_word' id='word_1_104' title='bbox 257 1187 438 1251; x_wconf 83' lang='lat' dir='ltr'>Neque</span> <span class='ocrx_word' id='word_1_105' title='bbox 462 1200 552 1249; x_wconf 73' lang='lat' dir='ltr'>erro</span> <span class='ocrx_word' id='word_1_106' title='bbox 577 1201 883 1250; x_wconf 80' lang='lat' dir='ltr'>quemquam</span> <span class='ocrx_word' id='word_1_107' title='bbox 915 1183 1168 1233; x_wconf 88' lang='lat' dir='ltr'>hominem</span> <span class='ocrx_word' id='word_1_108' title='bbox 1191 1185 1282 1233; x_wconf 86' lang='lat' dir='ltr'>esse</span> <span class='ocrx_word' id='word_1_109' title='bbox 1317 1185 1556 1244; x_wconf 76' lang='lat' dir='ltr'>albitror,</span> <span class='ocrx_word' id='word_1_110' title='bbox 1588 1185 1672 1234; x_wconf 86' lang='lat' dir='ltr'>cui</span> 
     </span>
    </p>
   </div>
   <div class='ocr_carea' id='block_1_16' title="bbox 616 1251 967 1316">
    <p class='ocr_par' dir='ltr' id='par_1_16' title="bbox 616 1251 967 1316">
     <span class='ocr_line' id='line_1_25' title="bbox 616 1251 967 1316; baseline -0.006 -14"><span class='ocrx_word' id='word_1_111' title='bbox 616 1253 772 1316; x_wconf 81' lang='lat' dir='ltr'>magis</span> <span class='ocrx_word' id='word_1_112' title='bbox 804 1251 967 1300; x_wconf 83' lang='lat' dir='ltr'>bonae</span> 
     </span>
    </p>
   </div>
   <div class='ocr_carea' id='block_1_17' title="bbox 318 1385 1673 1494">
    <p class='ocr_par' dir='ltr' id='par_1_17' title="bbox 318 1385 1673 1494">
     <span class='ocr_line' id='line_1_26' title="bbox 318 1385 1673 1437; baseline -0.001 -12"><span class='ocrx_word' id='word_1_113' title='bbox 318 1392 384 1437; x_wconf 89' lang='grc' dir='ltr'>7ο)</span> <span class='ocrx_word' id='word_1_114' title='bbox 417 1402 492 1424; x_wconf 84' lang='lat' dir='ltr'>non</span> <span class='ocrx_word' id='word_1_115' title='bbox 526 1388 699 1424; x_wconf 66' lang='lat' dir='ltr'>mentitus</span> <span class='ocrx_word' id='word_1_116' title='bbox 737 1387 821 1423; x_wconf 85' lang='lat' dir='ltr'>fuco</span> <span class='ocrx_word' id='word_1_117' title='bbox 883 1392 941 1434; x_wconf 87' lang='lat'>71)</span> <span class='ocrx_word' id='word_1_118' title='bbox 974 1387 1086 1423; x_wconf 88' lang='lat' dir='ltr'>viride</span> <span class='ocrx_word' id='word_1_119' title='bbox 1154 1389 1217 1435; x_wconf 88' lang='lat'>72)</span> <span class='ocrx_word' id='word_1_120' title='bbox 1246 1388 1452 1437; x_wconf 74' lang='lat' dir='ltr'>quot&#39;l&#39;unt</span> <span class='ocrx_word' id='word_1_121' title='bbox 1510 1385 1673 1434; x_wconf 52' lang='lat' dir='ltr'>73)&#39;sunt</span> 
     </span>
     <span class='ocr_line' id='line_1_27' title="bbox 362 1445 1672 1494; baseline 0 -14"><span class='ocrx_word' id='word_1_122' title='bbox 362 1448 426 1494; x_wconf 79' lang='grc'>74)</span> <span class='ocrx_word' id='word_1_123' title='bbox 453 1459 564 1492; x_wconf 74' lang='lat' dir='ltr'>genus</span> <span class='ocrx_word' id='word_1_124' title='bbox 585 1445 803 1484; x_wconf 66' lang='lat' dir='ltr'>locutionis,</span> <span class='ocrx_word' id='word_1_125' title='bbox 828 1455 868 1480; x_wconf 90' lang='lat' dir='ltr'>ut</span> <span class='ocrx_word' id='word_1_126' title='bbox 885 1445 937 1479; x_wconf 86' lang='lat' dir='ltr'>nil</span> <span class='ocrx_word' id='word_1_127' title='bbox 965 1459 1045 1479; x_wconf 82' lang='lat' dir='ltr'>mea</span> <span class='ocrx_word' id='word_1_128' title='bbox 1066 1446 1209 1482; x_wconf 83' lang='lat' dir='ltr'>interest</span> <span class='ocrx_word' id='word_1_129' title='bbox 1237 1457 1272 1482; x_wconf 90' lang='lat' dir='ltr'>et</span> <span class='ocrx_word' id='word_1_130' title='bbox 1290 1446 1343 1481; x_wconf 89' lang='lat' dir='ltr'>nil</span> <span class='ocrx_word' id='word_1_131' title='bbox 1363 1458 1443 1481; x_wconf 83' lang='lat' dir='ltr'>mea</span> <span class='ocrx_word' id='word_1_132' title='bbox 1462 1445 1568 1481; x_wconf 79' lang='lat' dir='ltr'>refert</span> <span class='ocrx_word' id='word_1_133' title='bbox 1592 1446 1616 1481; x_wconf 83' lang='lat' dir='ltr'>i.</span> <span class='ocrx_word' id='word_1_134' title='bbox 1639 1459 1672 1481; x_wconf 88' lang='lat' dir='ltr'>e.</span> 
     </span>
    </p>
   </div>
   <div class='ocr_carea' id='block_1_18' title="bbox 360 1501 1698 1633">
    <p class='ocr_par' dir='ltr' id='par_1_18' title="bbox 360 1501 1698 1608">
     <span class='ocr_line' id='line_1_28' title="bbox 360 1501 1698 1551; baseline -0.002 -12"><span class='ocrx_word' id='word_1_135' title='bbox 360 1504 456 1539; x_wconf 82' lang='lat' dir='ltr'>nihil</span> <span class='ocrx_word' id='word_1_136' title='bbox 476 1503 620 1538; x_wconf 79' lang='lat' dir='ltr'>interest</span> <span class='ocrx_word' id='word_1_137' title='bbox 638 1515 855 1550; x_wconf 87' lang='lat' dir='ltr'>quocunque</span> <span class='ocrx_word' id='word_1_138' title='bbox 876 1501 983 1548; x_wconf 83' lang='lat' dir='ltr'>medo</span> <span class='ocrx_word' id='word_1_139' title='bbox 1003 1502 1064 1537; x_wconf 79' lang='lat' dir='ltr'>illa</span> <span class='ocrx_word' id='word_1_140' title='bbox 1087 1513 1164 1538; x_wconf 82' lang='lat' dir='ltr'>utar</span> <span class='ocrx_word' id='word_1_141' title='bbox 1221 1504 1284 1549; x_wconf 80' lang='lat'>75)</span> <span class='ocrx_word' id='word_1_142' title='bbox 1310 1503 1412 1538; x_wconf 72' lang='lat' dir='ltr'>cuiun</span> <span class='ocrx_word' id='word_1_143' title='bbox 1470 1504 1528 1548; x_wconf 87' lang='lat'>76)</span> <span class='ocrx_word' id='word_1_144' title='bbox 1556 1513 1592 1538; x_wconf 89' lang='lat' dir='ltr'>et</span> <span class='ocrx_word' id='word_1_145' title='bbox 1618 1503 1672 1551; x_wconf 85' lang='lat' dir='ltr'>ip—</span> <span class='ocrx_word' id='word_1_146' title='bbox 1696 1534 1698 1536; x_wconf 78' lang='grc'>,</span> 
     </span>
     <span class='ocr_line' id='line_1_29' title="bbox 362 1557 1671 1633; baseline -0.002 -37"><span class='ocrx_word' id='word_1_147' title='bbox 362 1562 438 1596; x_wconf 84' lang='lat' dir='ltr'>lum</span> <span class='ocrx_word' id='word_1_148' title='bbox 460 1560 586 1605; x_wconf 82' lang='lat' dir='ltr'>ignoro</span> <span class='ocrx_word' id='word_1_149' title='bbox 645 1561 708 1606; x_wconf 90' lang='lat'>77)</span> <span class='ocrx_word' id='word_1_150' title='bbox 734 1557 805 1593; x_wconf 85' lang='lat' dir='ltr'>scio</span> <span class='ocrx_word' id='word_1_151' title='bbox 850 1559 879 1599; x_wconf 70' lang='lat'>⁴³¹)</span> <span class='ocrx_word' id='word_1_152' title='bbox 907 1561 964 1594; x_wconf 86' lang='lat' dir='ltr'>ed.</span> <span class='ocrx_word' id='word_1_153' title='bbox 988 1559 1104 1595; x_wconf 73' lang='lat' dir='ltr'>amisii</span> <span class='ocrx_word' id='word_1_154' title='bbox 1150 1563 1208 1606; x_wconf 81' lang='grc'>78)</span> <span class='ocrx_word' id='word_1_155' title='bbox 1234 1571 1381 1608; x_wconf 83' lang='lat' dir='ltr'>propter</span> <span class='ocrx_word' id='word_1_156' title='bbox 1408 1560 1480 1633; x_wconf 81' lang='lat' dir='ltr'>hoc</span> <span class='ocrx_word' id='word_1_157' title='bbox 1526 1559 1626 1607; x_wconf 84' lang='grc'>79)“</span> <span class='ocrx_word' id='word_1_158' title='bbox 1616 1573 1671 1595; x_wconf 86' lang='lat' dir='ltr'>m-</span> 
     </span>
    </p>
   </div>
   <div class='ocr_carea' id='block_1_19' title="bbox 362 1614 946 1663">
    <p class='ocr_par' dir='ltr' id='par_1_19' title="bbox 362 1614 946 1663">
     <span class='ocr_line' id='line_1_30' title="bbox 362 1614 946 1663; baseline -0.004 -11"><span class='ocrx_word' id='word_1_159' title='bbox 362 1616 538 1663; x_wconf 83' lang='lat' dir='ltr'>dignabar</span> <span class='ocrx_word' id='word_1_160' title='bbox 565 1628 674 1663; x_wconf 84' lang='lat' dir='ltr'>quare</span> <span class='ocrx_word' id='word_1_161' title='bbox 694 1616 795 1651; x_wconf 78' lang='lat' dir='ltr'>illam</span> <span class='ocrx_word' id='word_1_162' title='bbox 813 1614 946 1652; x_wconf 74' lang='lat' dir='ltr'>dimisi.</span> 
     </span>
    </p>
   </div>
   <div class='ocr_carea' id='block_1_20' title="bbox 868 1685 1047 1693">
    <p class='ocr_par' dir='ltr' id='par_1_20' title="bbox 868 1685 1047 1693">
     <span class='ocr_line' id='line_1_31' title="bbox 868 1685 1047 1693; baseline 0 1407"><span class='ocrx_word' id='word_1_163' title='bbox 868 1685 1047 1693; x_wconf 95' lang='lat' dir='ltr'> </span> 
     </span>
    </p>
   </div>
   <div class='ocr_carea' id='block_1_21' title="bbox 214 1741 925 2810">
    <p class='ocr_par' dir='ltr' id='par_1_21' title="bbox 245 1741 925 2070">
     <span class='ocr_line' id='line_1_32' title="bbox 301 1741 925 1787; baseline -0.008 -7"><span class='ocrx_word' id='word_1_164' title='bbox 301 1756 404 1781; x_wconf 82' lang='lat' dir='ltr'>nova</span> <span class='ocrx_word' id='word_1_165' title='bbox 422 1743 561 1787; x_wconf 79' lang='lat' dir='ltr'>figura</span> <span class='ocrx_word' id='word_1_166' title='bbox 587 1742 691 1786; x_wconf 78' lang='lat' dir='ltr'>oris]</span> <span class='ocrx_word' id='word_1_167' title='bbox 754 1741 779 1777; x_wconf 86' lang='lat' dir='ltr'>i.</span> <span class='ocrx_word' id='word_1_168' title='bbox 800 1754 829 1775; x_wconf 90' lang='lat' dir='ltr'>e.</span> <span class='ocrx_word' id='word_1_169' title='bbox 850 1754 925 1775; x_wconf 85' lang='lat' dir='ltr'>nou</span> 
     </span>
     <span class='ocr_line' id='line_1_33' title="bbox 254 1797 923 1847; baseline -0.007 -11"><span class='ocrx_word' id='word_1_170' title='bbox 254 1801 427 1847; x_wconf 82' lang='lat' dir='ltr'>vulgaris,</span> <span class='ocrx_word' id='word_1_171' title='bbox 481 1798 541 1833; x_wconf 80' lang='lat' dir='ltr'>sed</span> <span class='ocrx_word' id='word_1_172' title='bbox 586 1798 694 1836; x_wconf 83' lang='lat' dir='ltr'>mira,</span> <span class='ocrx_word' id='word_1_173' title='bbox 746 1797 923 1832; x_wconf 69' lang='lat' dir='ltr'>inusitata.</span> 
     </span>
     <span class='ocr_line' id='line_1_34' title="bbox 253 1855 922 1901; baseline -0.009 -8"><span class='ocrx_word' id='word_1_174' title='bbox 253 1859 314 1893; x_wconf 87' lang='lat' dir='ltr'>Sic</span> <span class='ocrx_word' id='word_1_175' title='bbox 341 1867 462 1893; x_wconf 73' lang='lat' dir='ltr'>novus</span> <span class='ocrx_word' id='word_1_176' title='bbox 495 1855 533 1889; x_wconf 91' lang='lat' dir='ltr'>in</span> <span class='ocrx_word' id='word_1_177' title='bbox 568 1865 756 1900; x_wconf 67' lang='lat' dir='ltr'>utramque</span> <span class='ocrx_word' id='word_1_178' title='bbox 784 1865 922 1901; x_wconf 84' lang='lat' dir='ltr'>partem</span> 
     </span>
     <span class='ocr_line' id='line_1_35' title="bbox 254 1911 922 1956; baseline -0.003 -8"><span class='ocrx_word' id='word_1_179' title='bbox 254 1915 388 1948; x_wconf 86' lang='lat' dir='ltr'>dicitur</span> <span class='ocrx_word' id='word_1_180' title='bbox 425 1914 463 1947; x_wconf 85' lang='lat' dir='ltr'>in</span> <span class='ocrx_word' id='word_1_181' title='bbox 492 1911 561 1947; x_wconf 81' lang='lat' dir='ltr'>Ad.</span> <span class='ocrx_word' id='word_1_182' title='bbox 591 1912 652 1945; x_wconf 80' lang='lat' dir='ltr'>lv.</span> <span class='ocrx_word' id='word_1_183' title='bbox 685 1923 715 1956; x_wconf 91' lang='lat'>7.</span> <span class='ocrx_word' id='word_1_184' title='bbox 746 1915 780 1954; x_wconf 79' lang='grc'>4.</span> <span class='ocrx_word' id='word_1_185' title='bbox 820 1924 922 1946; x_wconf 77' lang='lat' dir='ltr'>nova</span> 
     </span>
     <span class='ocr_line' id='line_1_36' title="bbox 245 1967 919 2021; baseline -0.009 -15"><span class='ocrx_word' id='word_1_186' title='bbox 245 1972 421 2021; x_wconf 75' lang='lat' dir='ltr'>flagitia.</span> <span class='ocrx_word' id='word_1_187' title='bbox 462 1969 499 2002; x_wconf 90' lang='lat' dir='ltr'>in</span> <span class='ocrx_word' id='word_1_188' title='bbox 531 1967 674 2002; x_wconf 81' lang='lat' dir='ltr'>Phorm.</span> <span class='ocrx_word' id='word_1_189' title='bbox 713 1970 756 2003; x_wconf 87' lang='lat' dir='ltr'>V.</span> <span class='ocrx_word' id='word_1_190' title='bbox 791 1980 823 2012; x_wconf 90' lang='lat'>7.</span> <span class='ocrx_word' id='word_1_191' title='bbox 864 1979 919 2011; x_wconf 76' lang='lat'>79.</span> 
     </span>
     <span class='ocr_line' id='line_1_37' title="bbox 249 2025 895 2070; baseline -0.009 -6"><span class='ocrx_word' id='word_1_192' title='bbox 249 2042 351 2064; x_wconf 82' lang='lat' dir='ltr'>novo</span> <span class='ocrx_word' id='word_1_193' title='bbox 379 2027 486 2062; x_wconf 83' lang='lat' dir='ltr'>modo</span> <span class='ocrx_word' id='word_1_194' title='bbox 501 2027 634 2070; x_wconf 81' lang='lat' dir='ltr'>faeere</span> <span class='ocrx_word' id='word_1_195' title='bbox 654 2025 895 2059; x_wconf 73' lang='lat' dir='ltr'>contumelias</span> 
     </span>
    </p>

    <p class='ocr_par' dir='ltr' id='par_1_22' title="bbox 214 2080 918 2691">
     <span class='ocr_line' id='line_1_38' title="bbox 296 2080 916 2129; baseline -0.01 -11"><span class='ocrx_word' id='word_1_196' title='bbox 296 2086 352 2119; x_wconf 82' lang='lat'>26.</span> <span class='ocrx_word' id='word_1_197' title='bbox 378 2081 707 2129; x_wconf 71' lang='lat' dir='ltr'>corpus-sblidum]</span> <span class='ocrx_word' id='word_1_198' title='bbox 734 2081 757 2114; x_wconf 88' lang='lat' dir='ltr'>i.</span> <span class='ocrx_word' id='word_1_199' title='bbox 772 2093 799 2114; x_wconf 90' lang='lat' dir='ltr'>e.</span> <span class='ocrx_word' id='word_1_200' title='bbox 816 2080 916 2113; x_wconf 87' lang='lat' dir='ltr'>cuius</span> 
     </span>
     <span class='ocr_line' id='line_1_39' title="bbox 251 2136 918 2178; baseline -0.01 -1"><span class='ocrx_word' id='word_1_201' title='bbox 251 2153 375 2178; x_wconf 83' lang='lat' dir='ltr'>carnes</span> <span class='ocrx_word' id='word_1_202' title='bbox 407 2139 530 2173; x_wconf 79' lang='lat' dir='ltr'>firmae</span> <span class='ocrx_word' id='word_1_203' title='bbox 554 2137 653 2177; x_wconf 86' lang='lat' dir='ltr'>sunt.</span> <span class='ocrx_word' id='word_1_204' title='bbox 693 2151 769 2172; x_wconf 89' lang='lat' dir='ltr'>non</span> <span class='ocrx_word' id='word_1_205' title='bbox 799 2136 918 2171; x_wconf 86' lang='lat' dir='ltr'>flacci-</span> 
     </span>
     <span class='ocr_line' id='line_1_40' title="bbox 245 2193 914 2243; baseline -0.009 -11"><span class='ocrx_word' id='word_1_206' title='bbox 245 2198 329 2237; x_wconf 73' lang='lat' dir='ltr'>dae,</span> <span class='ocrx_word' id='word_1_207' title='bbox 361 2195 466 2243; x_wconf 84' lang='lat' dir='ltr'>quale</span> <span class='ocrx_word' id='word_1_208' title='bbox 489 2194 657 2229; x_wconf 81' lang='lat' dir='ltr'>describit</span> <span class='ocrx_word' id='word_1_209' title='bbox 678 2204 802 2228; x_wconf 81' lang='lat' dir='ltr'>auctor</span> <span class='ocrx_word' id='word_1_210' title='bbox 828 2193 914 2227; x_wconf 85' lang='lat' dir='ltr'>dial.</span> 
     </span>
     <span class='ocr_line' id='line_1_41' title="bbox 214 2249 914 2297; baseline -0.009 -8"><span class='ocrx_word' id='word_1_211' title='bbox 214 2280 217 2284; x_wconf 64' lang='grc'><em>»</em></span> <span class='ocrx_word' id='word_1_212' title='bbox 247 2254 295 2289; x_wconf 81' lang='lat' dir='ltr'>de</span> <span class='ocrx_word' id='word_1_213' title='bbox 315 2264 403 2288; x_wconf 85' lang='lat' dir='ltr'>orat.</span> <span class='ocrx_word' id='word_1_214' title='bbox 423 2265 453 2289; x_wconf 80' lang='lat' dir='ltr'>c,</span> <span class='ocrx_word' id='word_1_215' title='bbox 475 2264 529 2286; x_wconf 83' lang='lat'>21.</span> <span class='ocrx_word' id='word_1_216' title='bbox 578 2250 729 2297; x_wconf 81' lang='lat' dir='ltr'>Elegans</span> <span class='ocrx_word' id='word_1_217' title='bbox 748 2249 797 2285; x_wconf 85' lang='lat' dir='ltr'>est</span> <span class='ocrx_word' id='word_1_218' title='bbox 814 2249 914 2284; x_wconf 84' lang='lat' dir='ltr'>locus</span> 
     </span>
     <span class='ocr_line' id='line_1_42' title="bbox 244 2307 916 2355; baseline -0.009 -10"><span class='ocrx_word' id='word_1_219' title='bbox 244 2310 380 2348; x_wconf 81' lang='lat' dir='ltr'>Lucilii</span> <span class='ocrx_word' id='word_1_220' title='bbox 404 2321 460 2355; x_wconf 80' lang='lat' dir='ltr'>ap.</span> <span class='ocrx_word' id='word_1_221' title='bbox 480 2309 581 2342; x_wconf 87' lang='lat' dir='ltr'>Non.</span> <span class='ocrx_word' id='word_1_222' title='bbox 599 2307 763 2342; x_wconf 86' lang='lat' dir='ltr'>Marcell.</span> <span class='ocrx_word' id='word_1_223' title='bbox 781 2319 817 2352; x_wconf 86' lang='lat' dir='ltr'>p.</span> <span class='ocrx_word' id='word_1_224' title='bbox 837 2314 916 2351; x_wconf 77' lang='lat'>391.</span> 
     </span>
     <span class='ocr_line' id='line_1_43' title="bbox 245 2363 914 2411; baseline -0.013 -6"><span class='ocrx_word' id='word_1_225' title='bbox 245 2368 307 2405; x_wconf 65' lang='lat' dir='ltr'>&#39;tic</span> <span class='ocrx_word' id='word_1_226' title='bbox 326 2366 632 2411; x_wconf 65' lang='lat' dir='ltr'>corpus-solidum</span> <span class='ocrx_word' id='word_1_227' title='bbox 651 2367 829 2402; x_wconf 76' lang='lat' dir='ltr'>invenies,</span> <span class='ocrx_word' id='word_1_228' title='bbox 857 2363 914 2398; x_wconf 78' lang='lat' dir='ltr'>hie</span> 
     </span>
     <span class='ocr_line' id='line_1_44' title="bbox 237 2425 912 2476; baseline -0.009 -17"><span class='ocrx_word' id='word_1_229' title='bbox 237 2428 344 2476; x_wconf 74' lang='lat' dir='ltr'>stare</span> <span class='ocrx_word' id='word_1_230' title='bbox 361 2425 528 2467; x_wconf 74' lang='lat' dir='ltr'>papillas</span> <span class='ocrx_word' id='word_1_231' title='bbox 540 2434 687 2467; x_wconf 71' lang='lat' dir='ltr'>pectore</span> <span class='ocrx_word' id='word_1_232' title='bbox 696 2433 912 2456; x_wconf 79' lang='lat' dir='ltr'>marmoreo.</span> 
     </span>
     <span class='ocr_line' id='line_1_45' title="bbox 247 2477 914 2525; baseline -0.004 -12"><span class='ocrx_word' id='word_1_233' title='bbox 247 2479 357 2515; x_wconf 88' lang='lat' dir='ltr'>Ovid.</span> <span class='ocrx_word' id='word_1_234' title='bbox 387 2478 486 2525; x_wconf 81' lang='lat' dir='ltr'>epist.</span> <span class='ocrx_word' id='word_1_235' title='bbox 511 2480 572 2513; x_wconf 87' lang='lat' dir='ltr'>IX.</span> <span class='ocrx_word' id='word_1_236' title='bbox 600 2480 655 2514; x_wconf 83' lang='grc'>60.</span> <span class='ocrx_word' id='word_1_237' title='bbox 678 2477 825 2512; x_wconf 84' lang='lat' dir='ltr'>Herculi</span> <span class='ocrx_word' id='word_1_238' title='bbox 854 2477 914 2511; x_wconf 86' lang='lat' dir='ltr'>tri·-</span> 
     </span>
     <span class='ocr_line' id='line_1_46' title="bbox 244 2533 913 2581; baseline -0.007 -10"><span class='ocrx_word' id='word_1_239' title='bbox 244 2535 326 2571; x_wconf 84' lang='lat' dir='ltr'>buit</span> <span class='ocrx_word' id='word_1_240' title='bbox 345 2534 480 2570; x_wconf 88' lang='lat' dir='ltr'>solidos</span> <span class='ocrx_word' id='word_1_241' title='bbox 502 2545 614 2569; x_wconf 83' lang='lat' dir='ltr'>toros.</span> <span class='ocrx_word' id='word_1_242' title='bbox 641 2533 768 2568; x_wconf 84' lang='lat' dir='ltr'>solido</span> <span class='ocrx_word' id='word_1_243' title='bbox 787 2546 913 2581; x_wconf 87' lang='lat' dir='ltr'>corpo-</span> 
     </span>
     <span class='ocr_line' id='line_1_47' title="bbox 243 2589 910 2639; baseline -0.001 -13"><span class='ocrx_word' id='word_1_244' title='bbox 243 2593 275 2628; x_wconf 73' lang='lat' dir='ltr'>xi</span> <span class='ocrx_word' id='word_1_245' title='bbox 306 2592 501 2639; x_wconf 81' lang='lat' dir='ltr'>opponitur</span> <span class='ocrx_word' id='word_1_246' title='bbox 528 2592 682 2627; x_wconf 81' lang='lat' dir='ltr'>flaccum</span> <span class='ocrx_word' id='word_1_247' title='bbox 711 2603 769 2638; x_wconf 77' lang='lat' dir='ltr'>ap.</span> <span class='ocrx_word' id='word_1_248' title='bbox 791 2589 910 2625; x_wconf 86' lang='lat' dir='ltr'>Tacit.</span> 
     </span>
     <span class='ocr_line' id='line_1_48' title="bbox 243 2649 523 2691; baseline -0.007 -6"><span class='ocrx_word' id='word_1_249' title='bbox 243 2649 375 2685; x_wconf 81' lang='lat' dir='ltr'>Histor.</span> <span class='ocrx_word' id='word_1_250' title='bbox 399 2651 444 2684; x_wconf 79' lang='lat' dir='ltr'>II.</span> <span class='ocrx_word' id='word_1_251' title='bbox 468 2658 523 2691; x_wconf 78' lang='lat'>32.</span> 
     </span>
    </p>

    <p class='ocr_par' dir='ltr' id='par_1_23' title="bbox 240 2701 911 2810">
     <span class='ocr_line' id='line_1_49' title="bbox 279 2701 911 2753; baseline -0.011 -12"><span class='ocrx_word' id='word_1_252' title='bbox 279 2710 384 2753; x_wconf 64' lang='lat' dir='ltr'>Jhcei</span> <span class='ocrx_word' id='word_1_253' title='bbox 408 2706 580 2751; x_wconf 79' lang='lat' dir='ltr'>plenum]</span> <span class='ocrx_word' id='word_1_254' title='bbox 636 2703 660 2737; x_wconf 90' lang='lat' dir='ltr'>i.</span> <span class='ocrx_word' id='word_1_255' title='bbox 681 2716 712 2737; x_wconf 88' lang='lat' dir='ltr'>e.</span> <span class='ocrx_word' id='word_1_256' title='bbox 731 2701 829 2736; x_wconf 88' lang='lat' dir='ltr'>bono</span> <span class='ocrx_word' id='word_1_257' title='bbox 848 2701 911 2735; x_wconf 84' lang='lat' dir='ltr'>hn-</span> 
     </span>
     <span class='ocr_line' id='line_1_50' title="bbox 240 2758 911 2810; baseline -0.009 -11"><span class='ocrx_word' id='word_1_258' title='bbox 240 2761 331 2800; x_wconf 83' lang='lat' dir='ltr'>bitu.</span> <span class='ocrx_word' id='word_1_259' title='bbox 377 2763 510 2798; x_wconf 79' lang='lat' dir='ltr'>Succus</span> <span class='ocrx_word' id='word_1_260' title='bbox 533 2761 677 2810; x_wconf 79' lang='lat' dir='ltr'>proprie</span> <span class='ocrx_word' id='word_1_261' title='bbox 705 2759 762 2796; x_wconf 76' lang='lat' dir='ltr'>est-</span> <span class='ocrx_word' id='word_1_262' title='bbox 779 2758 911 2793; x_wconf 83' lang='lat' dir='ltr'>humor</span> 
     </span>
    </p>
   </div>
   <div class='ocr_carea' id='block_1_22' title="bbox 982 2365 1372 2411">
    <p class='ocr_par' dir='ltr' id='par_1_24' title="bbox 982 2365 1372 2411">
     <span class='ocr_line' id='line_1_51' title="bbox 982 2365 1372 2411; baseline -0.005 -12"><span class='ocrx_word' id='word_1_263' title='bbox 982 2365 1196 2411; x_wconf 79' lang='lat' dir='ltr'>stomachor</span> <span class='ocrx_word' id='word_1_264' title='bbox 1235 2366 1372 2399; x_wconf 83' lang='lat' dir='ltr'>omnia.</span> 
     </span>
    </p>
   </div>
   <div class='ocr_carea' id='block_1_23' title="bbox 990 1738 1666 2284">
    <p class='ocr_par' dir='ltr' id='par_1_25' title="bbox 1000 1738 1666 1890">
     <span class='ocr_line' id='line_1_52' title="bbox 1001 1738 1666 1787; baseline 0.003 -13"><span class='ocrx_word' id='word_1_265' title='bbox 1001 1741 1040 1774; x_wconf 88' lang='lat' dir='ltr'>in</span> <span class='ocrx_word' id='word_1_266' title='bbox 1061 1752 1230 1787; x_wconf 84' lang='lat' dir='ltr'>corpore,</span> <span class='ocrx_word' id='word_1_267' title='bbox 1271 1752 1377 1787; x_wconf 87' lang='lat' dir='ltr'>quem</span> <span class='ocrx_word' id='word_1_268' title='bbox 1398 1738 1491 1774; x_wconf 89' lang='lat' dir='ltr'>bene</span> <span class='ocrx_word' id='word_1_269' title='bbox 1507 1739 1666 1776; x_wconf 76' lang='lat' dir='ltr'>valentes</span> 
     </span>
     <span class='ocr_line' id='line_1_53' title="bbox 1001 1796 1665 1832; baseline -0.002 -1"><span class='ocrx_word' id='word_1_270' title='bbox 1001 1810 1044 1831; x_wconf 86' lang='lat' dir='ltr'>ex</span> <span class='ocrx_word' id='word_1_271' title='bbox 1070 1796 1252 1832; x_wconf 75' lang='lat' dir='ltr'>alimentis</span> <span class='ocrx_word' id='word_1_272' title='bbox 1284 1796 1444 1832; x_wconf 84' lang='lat' dir='ltr'>trahunt.</span> <span class='ocrx_word' id='word_1_273' title='bbox 1472 1809 1508 1832; x_wconf 75' lang='lat' dir='ltr'>v-</span> <span class='ocrx_word' id='word_1_274' title='bbox 1526 1797 1665 1832; x_wconf 85' lang='lat' dir='ltr'>Donat.</span> 
     </span>
     <span class='ocr_line' id='line_1_54' title="bbox 1000 1852 1149 1890; baseline 0 -3"><span class='ocrx_word' id='word_1_275' title='bbox 1000 1853 1046 1887; x_wconf 80' lang='lat' dir='ltr'>ad</span> <span class='ocrx_word' id='word_1_276' title='bbox 1066 1852 1105 1890; x_wconf 84' lang='lat' dir='ltr'>h.</span> <span class='ocrx_word' id='word_1_277' title='bbox 1125 1853 1149 1887; x_wconf 91' lang='lat' dir='ltr'>l.</span> 
     </span>
    </p>

    <p class='ocr_par' dir='ltr' id='par_1_26' title="bbox 994 1909 1664 2181">
     <span class='ocr_line' id='line_1_55' title="bbox 1045 1909 1663 1955; baseline 0 -11"><span class='ocrx_word' id='word_1_278' title='bbox 1045 1922 1101 1955; x_wconf 85' lang='lat'>27.</span> <span class='ocrx_word' id='word_1_279' title='bbox 1123 1913 1187 1952; x_wconf 81' lang='lat' dir='ltr'>vi,</span> <span class='ocrx_word' id='word_1_280' title='bbox 1210 1911 1322 1946; x_wconf 82' lang='lat' dir='ltr'>clam.</span> <span class='ocrx_word' id='word_1_281' title='bbox 1346 1909 1540 1954; x_wconf 78' lang='lat' dir='ltr'>precario]</span> <span class='ocrx_word' id='word_1_282' title='bbox 1587 1909 1612 1943; x_wconf 85' lang='lat' dir='ltr'>i.</span> <span class='ocrx_word' id='word_1_283' title='bbox 1632 1922 1663 1944; x_wconf 90' lang='lat' dir='ltr'>e.</span> 
     </span>
     <span class='ocr_line' id='line_1_56' title="bbox 998 1964 1664 2013; baseline 0.002 -13"><span class='ocrx_word' id='word_1_284' title='bbox 998 1978 1216 2013; x_wconf 83' lang='lat' dir='ltr'>quocunque</span> <span class='ocrx_word' id='word_1_285' title='bbox 1242 1964 1369 2000; x_wconf 87' lang='lat' dir='ltr'>modo.</span> <span class='ocrx_word' id='word_1_286' title='bbox 1417 1965 1584 2000; x_wconf 76' lang='lat' dir='ltr'>Formula</span> <span class='ocrx_word' id='word_1_287' title='bbox 1603 1965 1664 2001; x_wconf 87' lang='lat' dir='ltr'>de-</span> 
     </span>
     <span class='ocr_line' id='line_1_57' title="bbox 994 2021 1664 2060; baseline 0 -3"><span class='ocrx_word' id='word_1_288' title='bbox 994 2022 1109 2058; x_wconf 82' lang='lat' dir='ltr'>sumta</span> <span class='ocrx_word' id='word_1_289' title='bbox 1129 2022 1179 2057; x_wconf 84' lang='lat' dir='ltr'>est</span> <span class='ocrx_word' id='word_1_290' title='bbox 1195 2035 1236 2056; x_wconf 89' lang='lat' dir='ltr'>ex</span> <span class='ocrx_word' id='word_1_291' title='bbox 1252 2023 1332 2057; x_wconf 87' lang='lat' dir='ltr'>Iure</span> <span class='ocrx_word' id='word_1_292' title='bbox 1344 2021 1465 2060; x_wconf 84' lang='lat' dir='ltr'>Civili,</span> <span class='ocrx_word' id='word_1_293' title='bbox 1486 2021 1549 2056; x_wconf 82' lang='lat' dir='ltr'>ubi</span> <span class='ocrx_word' id='word_1_294' title='bbox 1570 2021 1664 2057; x_wconf 75' lang='lat' dir='ltr'>haec</span> 
     </span>
     <span class='ocr_line' id='line_1_58' title="bbox 994 2077 1661 2126; baseline 0 -12"><span class='ocrx_word' id='word_1_295' title='bbox 994 2080 1063 2115; x_wconf 83' lang='lat' dir='ltr'>tria</span> <span class='ocrx_word' id='word_1_296' title='bbox 1089 2079 1193 2126; x_wconf 87' lang='lat' dir='ltr'>saepe</span> <span class='ocrx_word' id='word_1_297' title='bbox 1219 2079 1417 2124; x_wconf 85' lang='lat' dir='ltr'>iunguntur</span> <span class='ocrx_word' id='word_1_298' title='bbox 1445 2091 1476 2112; x_wconf 80' lang='lat' dir='ltr'>v.</span> <span class='ocrx_word' id='word_1_299' title='bbox 1507 2077 1661 2114; x_wconf 78' lang='lat' dir='ltr'>Briss&#39;on.</span> 
     </span>
     <span class='ocr_line' id='line_1_59' title="bbox 995 2135 1487 2181; baseline -0.006 -10"><span class='ocrx_word' id='word_1_300' title='bbox 995 2136 1039 2171; x_wconf 89' lang='lat' dir='ltr'>de</span> <span class='ocrx_word' id='word_1_301' title='bbox 1060 2136 1196 2171; x_wconf 83' lang='lat' dir='ltr'>verbor.</span> <span class='ocrx_word' id='word_1_302' title='bbox 1215 2135 1487 2181; x_wconf 84' lang='lat' dir='ltr'>significatione.</span> 
     </span>
    </p>

    <p class='ocr_par' dir='ltr' id='par_1_27' title="bbox 990 2192 1660 2284">
     <span class='ocr_line' id='line_1_60' title="bbox 1037 2192 1660 2240; baseline 0.003 -14"><span class='ocrx_word' id='word_1_303' title='bbox 1037 2202 1091 2235; x_wconf 80' lang='lat'>31.</span> <span class='ocrx_word' id='word_1_304' title='bbox 1108 2193 1394 2240; x_wconf 76' lang='lat' dir='ltr'>stomachabar]</span> <span class='ocrx_word' id='word_1_305' title='bbox 1426 2224 1431 2230; x_wconf 95' lang='lat'>.</span> <span class='ocrx_word' id='word_1_306' title='bbox 1455 2192 1481 2226; x_wconf 89' lang='lat' dir='ltr'>i.</span> <span class='ocrx_word' id='word_1_307' title='bbox 1504 2204 1533 2226; x_wconf 87' lang='lat' dir='ltr'>e.</span> <span class='ocrx_word' id='word_1_308' title='bbox 1558 2204 1660 2238; x_wconf 78' lang='lat' dir='ltr'>aegre</span> 
     </span>
     <span class='ocr_line' id='line_1_61' title="bbox 990 2248 1656 2284; baseline 0 -1"><span class='ocrx_word' id='word_1_309' title='bbox 990 2249 1162 2284; x_wconf 83' lang='lat' dir='ltr'>ferebam.</span> <span class='ocrx_word' id='word_1_310' title='bbox 1185 2251 1263 2284; x_wconf 85' lang='lat' dir='ltr'>Cic.</span> <span class='ocrx_word' id='word_1_311' title='bbox 1291 2249 1336 2284; x_wconf 85' lang='lat' dir='ltr'>ad</span> <span class='ocrx_word' id='word_1_312' title='bbox 1354 2248 1461 2284; x_wconf 84' lang='lat' dir='ltr'>Attic.</span> <span class='ocrx_word' id='word_1_313' title='bbox 1481 2248 1579 2283; x_wconf 89' lang='lat' dir='ltr'>XIV.</span> <span class='ocrx_word' id='word_1_314' title='bbox 1601 2261 1656 2283; x_wconf 79' lang='lat'>21.</span> 
     </span>
    </p>
   </div>
   <div class='ocr_carea' id='block_1_24' title="bbox 991 2303 1655 2396">
    <p class='ocr_par' dir='ltr' id='par_1_28' title="bbox 991 2303 1655 2396">
     <span class='ocr_line' id='line_1_62' title="bbox 991 2303 1655 2350; baseline -0.003 -8"><span class='ocrx_word' id='word_1_315' title='bbox 991 2311 1212 2344; x_wconf 76' lang='lat' dir='ltr'>amar-iorem</span> <span class='ocrx_word' id='word_1_316' title='bbox 1253 2303 1504 2350; x_wconf 71' lang='lat' dir='ltr'>me&#39;finectus</span> <span class='ocrx_word' id='word_1_317' title='bbox 1539 2306 1655 2350; x_wconf 81' lang='lat' dir='ltr'>facit,</span> 
     </span>
     <span class='ocr_line' id='line_1_63' title="bbox 1440 2361 1655 2396; baseline -0.005 0"><span class='ocrx_word' id='word_1_318' title='bbox 1440 2361 1655 2396; x_wconf 76' lang='lat' dir='ltr'>Stomachus</span> 
     </span>
    </p>
   </div>
   <div class='ocr_carea' id='block_1_25' title="bbox 987 2418 1656 2740">
    <p class='ocr_par' dir='ltr' id='par_1_29' title="bbox 987 2418 1656 2740">
     <span class='ocr_line' id='line_1_64' title="bbox 989 2418 1656 2468; baseline -0.006 -13"><span class='ocrx_word' id='word_1_319' title='bbox 989 2421 1238 2468; x_wconf 84' lang='lat' dir='ltr'>metaphorice</span> <span class='ocrx_word' id='word_1_320' title='bbox 1268 2420 1318 2455; x_wconf 83' lang='lat' dir='ltr'>est</span> <span class='ocrx_word' id='word_1_321' title='bbox 1345 2418 1519 2467; x_wconf 74' lang='lat' dir='ltr'>patientia</span> <span class='ocrx_word' id='word_1_322' title='bbox 1537 2418 1656 2452; x_wconf 84' lang='lat' dir='ltr'>homi-</span> 
     </span>
     <span class='ocr_line' id='line_1_65' title="bbox 989 2475 1656 2523; baseline -0.001 -12"><span class='ocrx_word' id='word_1_323' title='bbox 989 2478 1045 2512; x_wconf 84' lang='lat' dir='ltr'>nis</span> <span class='ocrx_word' id='word_1_324' title='bbox 1065 2477 1120 2511; x_wconf 86' lang='lat' dir='ltr'>vel</span> <span class='ocrx_word' id='word_1_325' title='bbox 1149 2477 1289 2512; x_wconf 80' lang='lat' dir='ltr'>animus</span> <span class='ocrx_word' id='word_1_326' title='bbox 1317 2476 1353 2509; x_wconf 92' lang='lat' dir='ltr'>in</span> <span class='ocrx_word' id='word_1_327' title='bbox 1372 2475 1476 2510; x_wconf 77' lang='lat' dir='ltr'>rebus</span> <span class='ocrx_word' id='word_1_328' title='bbox 1495 2486 1556 2510; x_wconf 83' lang='lat' dir='ltr'>aut</span> <span class='ocrx_word' id='word_1_329' title='bbox 1575 2489 1656 2523; x_wconf 50' lang='lat' dir='ltr'>pro*</span> 
     </span>
     <span class='ocr_line' id='line_1_66' title="bbox 989 2531 1653 2569; baseline -0.002 -3"><span class='ocrx_word' id='word_1_330' title='bbox 989 2532 1119 2568; x_wconf 76' lang='lat' dir='ltr'>bandis</span> <span class='ocrx_word' id='word_1_331' title='bbox 1150 2544 1213 2569; x_wconf 82' lang='lat' dir='ltr'>aut</span> <span class='ocrx_word' id='word_1_332' title='bbox 1238 2531 1476 2568; x_wconf 81' lang='lat' dir='ltr'>fastidiendis.</span> <span class='ocrx_word' id='word_1_333' title='bbox 1497 2531 1576 2567; x_wconf 89' lang='lat' dir='ltr'>Cic.</span> <span class='ocrx_word' id='word_1_334' title='bbox 1605 2531 1653 2565; x_wconf 77' lang='lat' dir='ltr'>ad</span> 
     </span>
     <span class='ocr_line' id='line_1_67' title="bbox 987 2590 1652 2636; baseline 0 -12"><span class='ocrx_word' id='word_1_335' title='bbox 987 2590 1070 2626; x_wconf 86' lang='lat' dir='ltr'>Div.</span> <span class='ocrx_word' id='word_1_336' title='bbox 1096 2591 1141 2624; x_wconf 89' lang='lat' dir='ltr'>II.</span> <span class='ocrx_word' id='word_1_337' title='bbox 1173 2591 1224 2625; x_wconf 86' lang='lat'>16.</span> <span class='ocrx_word' id='word_1_338' title='bbox 1246 2602 1285 2625; x_wconf 76' lang='lat' dir='ltr'>ut</span> <span class='ocrx_word' id='word_1_339' title='bbox 1307 2592 1423 2636; x_wconf 76' lang='lat' dir='ltr'>sbires</span> <span class='ocrx_word' id='word_1_340' title='bbox 1448 2603 1501 2624; x_wconf 85' lang='lat' dir='ltr'>me</span> <span class='ocrx_word' id='word_1_341' title='bbox 1529 2600 1652 2624; x_wconf 82' lang='lat' dir='ltr'>tamen</span> 
     </span>
     <span class='ocr_line' id='line_1_68' title="bbox 987 2643 1650 2693; baseline -0.006 -11"><span class='ocrx_word' id='word_1_342' title='bbox 987 2650 1027 2682; x_wconf 83' lang='lat' dir='ltr'>in</span> <span class='ocrx_word' id='word_1_343' title='bbox 1044 2647 1375 2693; x_wconf 75' lang='lat' dir='ltr'>stomacho&#39;sblere</span> <span class='ocrx_word' id='word_1_344' title='bbox 1401 2646 1551 2685; x_wconf 73' lang='lat' dir='ltr'>videre,</span> <span class='ocrx_word' id='word_1_345' title='bbox 1587 2643 1650 2679; x_wconf 86' lang='lat' dir='ltr'>ubi</span> 
     </span>
     <span class='ocr_line' id='line_1_69' title="bbox 989 2703 1181 2740; baseline 0.016 -3"><span class='ocrx_word' id='word_1_346' title='bbox 989 2716 1018 2737; x_wconf 75' lang='lat' dir='ltr'>v.</span> <span class='ocrx_word' id='word_1_347' title='bbox 1037 2703 1181 2740; x_wconf 87' lang='lat' dir='ltr'>Manut.</span> 
     </span>
    </p>
   </div>
   <div class='ocr_carea' id='block_1_26' title="bbox 1750 1382 1812 3100">
    <p class='ocr_par' dir='ltr' id='par_1_30' title="bbox 1750 1382 1812 3100">
     <span class='ocr_line' id='line_1_70' title="bbox 1750 1382 1812 3100; baseline 0 0"><span class='ocrx_word' id='word_1_348' title='bbox 1750 1382 1812 3100; x_wconf 95' lang='lat' dir='ltr'> </span> 
     </span>
    </p>
   </div>
  </div>
 </body>
</html>
