<?xml version="1.0" encoding="UTF-8"?>
<!DOCTYPE html PUBLIC "-//W3C//DTD XHTML 1.0 Transitional//EN"
    "http://www.w3.org/TR/xhtml1/DTD/xhtml1-transitional.dtd">
<html xmlns="http://www.w3.org/1999/xhtml" xml:lang="en" lang="en">
 <head>
  <title>
</title>
<meta http-equiv="Content-Type" content="text/html;charset=utf-8" />
  <meta name='ocr-system' content='tesseract 3.04.00' />
  <meta name='ocr-capabilities' content='ocr_page ocr_carea ocr_par ocr_line ocrx_word'/>
</head>
<body>
  <div class='ocr_page' id='page_1' title='image "./comoediaesex01tereuoft_0304.png"; bbox 0 0 1812 3100; ppageno 0'>
   <div class='ocr_carea' id='block_1_1' title="bbox 301 127 1470 220">
    <p class='ocr_par' dir='ltr' id='par_1_1' title="bbox 301 127 1470 220">
     <span class='ocr_line' id='line_1_1' title="bbox 301 127 1470 220; baseline 0.003 -8"><span class='ocrx_word' id='word_1_1' title='bbox 301 159 396 212; x_wconf 72' lang='lat'>266</span> <span class='ocrx_word' id='word_1_2' title='bbox 533 163 892 213; x_wconf 89' lang='lat' dir='ltr'>EUNUCHUS.</span> <span class='ocrx_word' id='word_1_3' title='bbox 958 167 1064 211; x_wconf 50' lang='lat' dir='ltr'>Aci</span> <span class='ocrx_word' id='word_1_4' title='bbox 1084 127 1140 213; x_wconf 93' lang='lat' dir='ltr'>V.</span> <span class='ocrx_word' id='word_1_5' title='bbox 1189 166 1331 215; x_wconf 65' lang='lat' dir='ltr'>Scau.</span> <span class='ocrx_word' id='word_1_6' title='bbox 1352 169 1470 220; x_wconf 90' lang='lat' dir='ltr'>VIII.</span> 
     </span>
    </p>
   </div>
   <div class='ocr_carea' id='block_1_2' title="bbox 200 293 1709 1040">
    <p class='ocr_par' dir='ltr' id='par_1_2' title="bbox 200 293 1709 492">
     <span class='ocr_line' id='line_1_2' title="bbox 299 293 1709 412; baseline 0.004 -66"><span class='ocrx_word' id='word_1_7' title='bbox 299 300 407 347; x_wconf 91' lang='lat' dir='ltr'>GN.</span> <span class='ocrx_word' id='word_1_8' title='bbox 443 296 519 345; x_wconf 79' lang='lat' dir='ltr'>Isti</span> <span class='ocrx_word' id='word_1_9' title='bbox 540 311 588 345; x_wconf 88' lang='lat' dir='ltr'>te</span> <span class='ocrx_word' id='word_1_10' title='bbox 610 297 921 412; x_wconf 63' lang='lat' dir='ltr'>iggorabant.</span> <span class='ocrx_word' id='word_1_11' title='bbox 988 298 1258 367; x_wconf 85' lang='lat' dir='ltr'>Postquam</span> <span class='ocrx_word' id='word_1_12' title='bbox 1279 302 1350 351; x_wconf 86' lang='lat' dir='ltr'>eis</span> <span class='ocrx_word' id='word_1_13' title='bbox 1369 318 1533 351; x_wconf 83' lang='lat' dir='ltr'>mores</span> <span class='ocrx_word' id='word_1_14' title='bbox 1556 293 1709 352; x_wconf 82' lang='lat' dir='ltr'>osten-</span> 
     </span>
     <span class='ocr_line' id='line_1_3' title="bbox 691 379 862 423; baseline 0.012 -11"><span class='ocrx_word' id='word_1_15' title='bbox 691 383 707 412; x_wconf 85' lang='lat'>1</span> <span class='ocrx_word' id='word_1_16' title='bbox 731 379 862 423; x_wconf 86' lang='lat' dir='ltr'>tuos,</span> 
     </span>
     <span class='ocr_line' id='line_1_4' title="bbox 200 430 1634 492; baseline 0.005 -13"><span class='ocrx_word' id='word_1_17' title='bbox 200 442 252 483; x_wconf 83' lang='lat'>60</span> <span class='ocrx_word' id='word_1_18' title='bbox 268 435 326 479; x_wconf 83' lang='lat' dir='ltr'>Et</span> <span class='ocrx_word' id='word_1_19' title='bbox 345 430 654 488; x_wconf 80' lang='lat' dir='ltr'>collaudavi,</span> <span class='ocrx_word' id='word_1_20' title='bbox 677 430 740 492; x_wconf 78' lang='lat'>36)</span> <span class='ocrx_word' id='word_1_21' title='bbox 775 431 1043 481; x_wconf 88' lang='lat' dir='ltr'>secundum</span> <span class='ocrx_word' id='word_1_22' title='bbox 1068 433 1197 483; x_wconf 83' lang='lat' dir='ltr'>sacta</span> <span class='ocrx_word' id='word_1_23' title='bbox 1217 448 1268 483; x_wconf 87' lang='lat' dir='ltr'>et</span> <span class='ocrx_word' id='word_1_24' title='bbox 1283 437 1495 486; x_wconf 86' lang='lat' dir='ltr'>virtutes</span> <span class='ocrx_word' id='word_1_25' title='bbox 1518 449 1634 486; x_wconf 82' lang='lat' dir='ltr'>tuas</span> 
     </span>
    </p>

    <p class='ocr_par' dir='ltr' id='par_1_3' title="bbox 299 500 1700 628">
     <span class='ocr_line' id='line_1_5' title="bbox 299 500 1700 570; baseline 0.006 -24"><span class='ocrx_word' id='word_1_26' title='bbox 299 500 575 564; x_wconf 82' lang='lat' dir='ltr'>Impetravi.</span> <span class='ocrx_word' id='word_1_27' title='bbox 630 502 778 549; x_wconf 89' lang='lat' dir='ltr'>THR.</span> <span class='ocrx_word' id='word_1_28' title='bbox 802 502 866 560; x_wconf 81' lang='lat'>37)</span> <span class='ocrx_word' id='word_1_29' title='bbox 933 505 1066 550; x_wconf 84' lang='lat' dir='ltr'>Bene</span> <span class='ocrx_word' id='word_1_30' title='bbox 1089 502 1263 560; x_wconf 84' lang='lat' dir='ltr'><strong>fecisti,</strong></span> <span class='ocrx_word' id='word_1_31' title='bbox 1294 504 1506 570; x_wconf 83' lang='lat' dir='ltr'>gratiam</span> <span class='ocrx_word' id='word_1_32' title='bbox 1536 502 1700 556; x_wconf 89' lang='lat' dir='ltr'>habeo</span> 
     </span>
     <span class='ocr_line' id='line_1_6' title="bbox 654 573 1029 628; baseline 0.005 -13"><span class='ocrx_word' id='word_1_33' title='bbox 654 586 950 617; x_wconf 78' lang='lat' dir='ltr'>maxumam.</span> <span class='ocrx_word' id='word_1_34' title='bbox 969 573 1029 628; x_wconf 82' lang='lat'>38)</span> 
     </span>
    </p>

    <p class='ocr_par' dir='ltr' id='par_1_4' title="bbox 297 636 1709 768">
     <span class='ocr_line' id='line_1_7' title="bbox 297 636 1709 705; baseline 0.002 -20"><span class='ocrx_word' id='word_1_35' title='bbox 297 637 589 702; x_wconf 83' lang='lat' dir='ltr'>Nunquam</span> <span class='ocrx_word' id='word_1_36' title='bbox 613 637 764 684; x_wconf 83' lang='lat' dir='ltr'>etiam</span> <span class='ocrx_word' id='word_1_37' title='bbox 796 636 866 683; x_wconf 86' lang='lat' dir='ltr'>sui</span> <span class='ocrx_word' id='word_1_38' title='bbox 895 653 1136 701; x_wconf 84' lang='lat' dir='ltr'>usquam,</span> <span class='ocrx_word' id='word_1_39' title='bbox 1156 641 1216 695; x_wconf 79' lang='lat'>39)</span> <span class='ocrx_word' id='word_1_40' title='bbox 1265 637 1388 705; x_wconf 87' lang='lat' dir='ltr'>quin</span> <span class='ocrx_word' id='word_1_41' title='bbox 1419 656 1498 688; x_wconf 88' lang='lat' dir='ltr'>me</span> <span class='ocrx_word' id='word_1_42' title='bbox 1532 656 1709 697; x_wconf 81' lang='lat' dir='ltr'>omnes</span> 
     </span>
     <span class='ocr_line' id='line_1_8' title="bbox 654 701 1242 768; baseline 0.003 -17"><span class='ocrx_word' id='word_1_43' title='bbox 654 704 869 751; x_wconf 78' lang='lat' dir='ltr'>amarint</span> <span class='ocrx_word' id='word_1_44' title='bbox 888 705 925 762; x_wconf 83' lang='lat'>*)</span> <span class='ocrx_word' id='word_1_45' title='bbox 961 701 1242 768; x_wconf 87' lang='lat' dir='ltr'>plurimum.</span> 
     </span>
    </p>

    <p class='ocr_par' dir='ltr' id='par_1_5' title="bbox 299 769 1705 905">
     <span class='ocr_line' id='line_1_9' title="bbox 299 769 1705 836; baseline 0.002 -16"><span class='ocrx_word' id='word_1_46' title='bbox 299 774 409 820; x_wconf 89' lang='lat' dir='ltr'>GN.</span> <span class='ocrx_word' id='word_1_47' title='bbox 441 770 589 817; x_wconf 81' lang='lat' dir='ltr'>Dixin</span> <span class='ocrx_word' id='word_1_48' title='bbox 627 787 718 836; x_wconf 82' lang='lat' dir='ltr'>ego</span> <span class='ocrx_word' id='word_1_49' title='bbox 746 772 797 818; x_wconf 87' lang='lat' dir='ltr'>in</span> <span class='ocrx_word' id='word_1_50' title='bbox 833 769 930 819; x_wconf 88' lang='lat' dir='ltr'>hoc</span> <span class='ocrx_word' id='word_1_51' title='bbox 952 771 1018 829; x_wconf 73' lang='lat'>4⁰&gt;</span> <span class='ocrx_word' id='word_1_52' title='bbox 1053 771 1200 821; x_wconf 84' lang='lat' dir='ltr'>inesse</span> <span class='ocrx_word' id='word_1_53' title='bbox 1220 775 1259 836; x_wconf 73' lang='lat'>⁴¹)</span> <span class='ocrx_word' id='word_1_54' title='bbox 1299 770 1446 823; x_wconf 88' lang='lat' dir='ltr'>vobis</span> <span class='ocrx_word' id='word_1_55' title='bbox 1490 774 1705 823; x_wconf 84' lang='lat' dir='ltr'>Atticam</span> 
     </span>
     <span class='ocr_line' id='line_1_10' title="bbox 657 837 1033 905; baseline -0.005 -19"><span class='ocrx_word' id='word_1_56' title='bbox 657 837 1033 905; x_wconf 82' lang='lat' dir='ltr'>eloquentiam?</span> 
     </span>
    </p>

    <p class='ocr_par' dir='ltr' id='par_1_6' title="bbox 293 904 1707 1040">
     <span class='ocr_line' id='line_1_11' title="bbox 293 904 1707 973; baseline 0.003 -18"><span class='ocrx_word' id='word_1_57' title='bbox 293 909 393 955; x_wconf 88' lang='lat' dir='ltr'>PH.</span> <span class='ocrx_word' id='word_1_58' title='bbox 438 904 578 956; x_wconf 85' lang='lat' dir='ltr'>Nihil</span> <span class='ocrx_word' id='word_1_59' title='bbox 611 921 810 973; x_wconf 81' lang='lat' dir='ltr'>praeter</span> <span class='ocrx_word' id='word_1_60' title='bbox 829 910 890 964; x_wconf 77' lang='lat'>4¹)</span> <span class='ocrx_word' id='word_1_61' title='bbox 927 906 1115 954; x_wconf 86' lang='lat' dir='ltr'>missum</span> <span class='ocrx_word' id='word_1_62' title='bbox 1141 908 1179 967; x_wconf 82' lang='grc'>*)</span> <span class='ocrx_word' id='word_1_63' title='bbox 1215 906 1293 955; x_wconf 85' lang='lat' dir='ltr'>est.</span> <span class='ocrx_word' id='word_1_64' title='bbox 1368 910 1438 956; x_wconf 89' lang='lat' dir='ltr'>Ite</span> <span class='ocrx_word' id='word_1_65' title='bbox 1465 905 1560 958; x_wconf 88' lang='lat' dir='ltr'>hac</span> <span class='ocrx_word' id='word_1_66' title='bbox 1583 910 1645 973; x_wconf 84' lang='lat'>4²)</span> <span class='ocrx_word' id='word_1_67' title='bbox 1664 927 1707 959; x_wconf 86' lang='grc' dir='ltr'>ω.</span> 
     </span>
     <span class='ocr_line' id='line_1_12' title="bbox 652 972 1303 1040; baseline 0.005 -20"><span class='ocrx_word' id='word_1_68' title='bbox 652 977 753 1023; x_wconf 89' lang='lat' dir='ltr'>Vos</span> <span class='ocrx_word' id='word_1_69' title='bbox 783 972 965 1032; x_wconf 89' lang='lat' dir='ltr'>valete,</span> <span class='ocrx_word' id='word_1_70' title='bbox 993 977 1030 1034; x_wconf 90' lang='lat'>*)</span> <span class='ocrx_word' id='word_1_71' title='bbox 1064 973 1303 1040; x_wconf 87' lang='lat' dir='ltr'>plaudite.</span> 
     </span>
    </p>
   </div>
   <div class='ocr_carea' id='block_1_3' title="bbox 296 1077 1708 1207">
    <p class='ocr_par' dir='ltr' id='par_1_7' title="bbox 296 1077 1708 1207">
     <span class='ocr_line' id='line_1_13' title="bbox 296 1077 1708 1136; baseline 0.001 -12"><span class='ocrx_word' id='word_1_72' title='bbox 296 1079 608 1128; x_wconf 86' lang='lat' dir='ltr'>TERENTII</span> <span class='ocrx_word' id='word_1_73' title='bbox 633 1077 777 1124; x_wconf 86' lang='lat' dir='ltr'>AFRI</span> <span class='ocrx_word' id='word_1_74' title='bbox 795 1077 1152 1124; x_wconf 87' lang='lat' dir='ltr'>EUNUCHUS</span> <span class='ocrx_word' id='word_1_75' title='bbox 1178 1078 1455 1125; x_wconf 83' lang='lat' dir='ltr'>EXPLICIT</span> <span class='ocrx_word' id='word_1_76' title='bbox 1476 1077 1540 1136; x_wconf 81' lang='grc'>**)</span> <span class='ocrx_word' id='word_1_77' title='bbox 1573 1079 1708 1126; x_wconf 91' lang='lat' dir='ltr'>CAL-</span> 
     </span>
     <span class='ocr_line' id='line_1_14' title="bbox 691 1142 1313 1207; baseline 0.002 -16"><span class='ocrx_word' id='word_1_78' title='bbox 691 1145 939 1192; x_wconf 83' lang='lat' dir='ltr'>LlOPIUS</span> <span class='ocrx_word' id='word_1_79' title='bbox 975 1144 1228 1196; x_wconf 80' lang='lat' dir='ltr'>recensuit.</span> <span class='ocrx_word' id='word_1_80' title='bbox 1255 1142 1313 1207; x_wconf 85' lang='lat'>†)</span> 
     </span>
    </p>
   </div>
   <div class='ocr_carea' id='block_1_4' title="bbox 357 1271 1707 1609">
    <p class='ocr_par' dir='ltr' id='par_1_8' title="bbox 357 1271 1707 1609">
     <span class='ocr_line' id='line_1_15' title="bbox 357 1271 1707 1324; baseline -0.001 -10"><span class='ocrx_word' id='word_1_81' title='bbox 357 1277 422 1324; x_wconf 78' lang='lat'>36)</span> <span class='ocrx_word' id='word_1_82' title='bbox 448 1275 654 1324; x_wconf 80' lang='lat' dir='ltr'>decipiebat</span> <span class='ocrx_word' id='word_1_83' title='bbox 673 1275 777 1311; x_wconf 84' lang='lat' dir='ltr'>illum</span> <span class='ocrx_word' id='word_1_84' title='bbox 802 1274 993 1310; x_wconf 46' lang='lat' dir='ltr'>adulando*</span> <span class='ocrx_word' id='word_1_85' title='bbox 1033 1271 1095 1321; x_wconf 76' lang='lat'>37)</span> <span class='ocrx_word' id='word_1_86' title='bbox 1120 1275 1248 1322; x_wconf 75' lang='lat' dir='ltr'>plenus</span> <span class='ocrx_word' id='word_1_87' title='bbox 1269 1286 1343 1311; x_wconf 83' lang='lat' dir='ltr'>erat</span> <span class='ocrx_word' id='word_1_88' title='bbox 1362 1275 1424 1311; x_wconf 84' lang='lat' dir='ltr'>hie</span> <span class='ocrx_word' id='word_1_89' title='bbox 1444 1276 1548 1312; x_wconf 70' lang='lat' dir='ltr'>mileu</span> <span class='ocrx_word' id='word_1_90' title='bbox 1571 1275 1707 1312; x_wconf 79' lang='lat' dir='ltr'>iaetan-</span> 
     </span>
     <span class='ocr_line' id='line_1_16' title="bbox 404 1332 1706 1380; baseline 0 -12"><span class='ocrx_word' id='word_1_91' title='bbox 404 1335 454 1369; x_wconf 87' lang='lat' dir='ltr'>tia</span> <span class='ocrx_word' id='word_1_92' title='bbox 501 1335 566 1379; x_wconf 79' lang='lat'>38)</span> <span class='ocrx_word' id='word_1_93' title='bbox 591 1332 659 1368; x_wconf 80' lang='lat' dir='ltr'>tibi</span> <span class='ocrx_word' id='word_1_94' title='bbox 706 1336 764 1379; x_wconf 81' lang='lat'>39)</span> <span class='ocrx_word' id='word_1_95' title='bbox 791 1333 912 1380; x_wconf 89' lang='lat' dir='ltr'>aliquo</span> <span class='ocrx_word' id='word_1_96' title='bbox 932 1332 1013 1366; x_wconf 82' lang='lat' dir='ltr'>loco</span> <span class='ocrx_word' id='word_1_97' title='bbox 1059 1332 1095 1377; x_wconf 63' lang='lat'>⁴)</span> <span class='ocrx_word' id='word_1_98' title='bbox 1120 1334 1208 1368; x_wconf 82' lang='lat' dir='ltr'>edic.</span> <span class='ocrx_word' id='word_1_99' title='bbox 1229 1343 1390 1368; x_wconf 76' lang='lat' dir='ltr'>amarent</span> <span class='ocrx_word' id='word_1_100' title='bbox 1434 1336 1494 1377; x_wconf 83' lang='grc' dir='ltr'>4ο)</span> <span class='ocrx_word' id='word_1_101' title='bbox 1518 1332 1706 1374; x_wconf 74' lang='lat' dir='ltr'>Thrasone</span> 
     </span>
     <span class='ocr_line' id='line_1_17' title="bbox 401 1388 1707 1437; baseline 0.001 -10"><span class='ocrx_word' id='word_1_102' title='bbox 401 1392 432 1432; x_wconf 69' lang='lat'>⁴)</span> <span class='ocrx_word' id='word_1_103' title='bbox 469 1391 557 1427; x_wconf 81' lang='lat' dir='ltr'>edic.</span> <span class='ocrx_word' id='word_1_104' title='bbox 590 1388 658 1424; x_wconf 80' lang='lat' dir='ltr'>effe</span> <span class='ocrx_word' id='word_1_105' title='bbox 726 1393 786 1433; x_wconf 76' lang='lat'>41)</span> <span class='ocrx_word' id='word_1_106' title='bbox 823 1389 999 1423; x_wconf 83' lang='lat' dir='ltr'>rationem</span> <span class='ocrx_word' id='word_1_107' title='bbox 1069 1389 1098 1430; x_wconf 66' lang='lat'>⁴)</span> <span class='ocrx_word' id='word_1_108' title='bbox 1140 1391 1230 1425; x_wconf 77' lang='lat' dir='ltr'>edit.</span> <span class='ocrx_word' id='word_1_109' title='bbox 1277 1389 1487 1437; x_wconf 82' lang='lat' dir='ltr'>promilIum</span> <span class='ocrx_word' id='word_1_110' title='bbox 1525 1391 1707 1436; x_wconf 79' lang='lat' dir='ltr'>probante</span> 
     </span>
     <span class='ocr_line' id='line_1_18' title="bbox 403 1447 1706 1496; baseline -0.002 -10"><span class='ocrx_word' id='word_1_111' title='bbox 403 1449 522 1486; x_wconf 80' lang='lat' dir='ltr'>Bentl.</span> <span class='ocrx_word' id='word_1_112' title='bbox 542 1458 577 1482; x_wconf 82' lang='lat' dir='ltr'>et</span> <span class='ocrx_word' id='word_1_113' title='bbox 589 1447 650 1492; x_wconf 81' lang='lat' dir='ltr'>fic</span> <span class='ocrx_word' id='word_1_114' title='bbox 666 1450 779 1483; x_wconf 83' lang='lat' dir='ltr'>etiam</span> <span class='ocrx_word' id='word_1_115' title='bbox 796 1450 837 1483; x_wconf 80' lang='grc' dir='ltr'>ἰιι</span> <span class='ocrx_word' id='word_1_116' title='bbox 855 1448 931 1481; x_wconf 84' lang='lat' dir='ltr'>MS.</span> <span class='ocrx_word' id='word_1_117' title='bbox 956 1460 979 1481; x_wconf 80' lang='lat' dir='ltr'>a</span> <span class='ocrx_word' id='word_1_118' title='bbox 994 1450 1117 1492; x_wconf 85' lang='lat' dir='ltr'><strong><em>prima</em></strong></span> <span class='ocrx_word' id='word_1_119' title='bbox 1142 1461 1273 1487; x_wconf 83' lang='lat' dir='ltr'>manu,</span> <span class='ocrx_word' id='word_1_120' title='bbox 1300 1448 1401 1496; x_wconf 82' lang='lat' dir='ltr'>quod</span> <span class='ocrx_word' id='word_1_121' title='bbox 1414 1461 1606 1493; x_wconf 78' lang='lat' dir='ltr'>perperam</span> <span class='ocrx_word' id='word_1_122' title='bbox 1625 1461 1706 1485; x_wconf 81' lang='lat' dir='ltr'><strong><em>cor-</em></strong></span> 
     </span>
     <span class='ocr_line' id='line_1_19' title="bbox 401 1502 1707 1553; baseline -0.001 -12"><span class='ocrx_word' id='word_1_123' title='bbox 401 1518 541 1543; x_wconf 79' lang='lat' dir='ltr'>rectum</span> <span class='ocrx_word' id='word_1_124' title='bbox 562 1508 611 1550; x_wconf 83' lang='lat' dir='ltr'>esc</span> <span class='ocrx_word' id='word_1_125' title='bbox 667 1504 731 1549; x_wconf 72' lang='lat'>42)</span> <span class='ocrx_word' id='word_1_126' title='bbox 758 1502 804 1537; x_wconf 81' lang='lat' dir='ltr'>ad</span> <span class='ocrx_word' id='word_1_127' title='bbox 825 1502 974 1537; x_wconf 88' lang='lat' dir='ltr'>domum</span> <span class='ocrx_word' id='word_1_128' title='bbox 1031 1504 1063 1544; x_wconf 67' lang='lat'>⁸⁸)</span> <span class='ocrx_word' id='word_1_129' title='bbox 1086 1505 1176 1541; x_wconf 79' lang='lat' dir='ltr'>edic.</span> <span class='ocrx_word' id='word_1_130' title='bbox 1194 1505 1284 1542; x_wconf 79' lang='lat' dir='ltr'>add.</span> <span class='ocrx_word' id='word_1_131' title='bbox 1305 1515 1341 1539; x_wconf 85' lang='lat' dir='ltr'>et</span> <span class='ocrx_word' id='word_1_132' title='bbox 1394 1504 1452 1553; x_wconf 61' lang='lat'>⁸¹²)</span> <span class='ocrx_word' id='word_1_133' title='bbox 1477 1507 1567 1544; x_wconf 81' lang='lat' dir='ltr'>edit.</span> <span class='ocrx_word' id='word_1_134' title='bbox 1585 1509 1707 1545; x_wconf 75' lang='lat' dir='ltr'>omitt.</span> 
     </span>
     <span class='ocr_line' id='line_1_20' title="bbox 402 1561 765 1609; baseline -0.006 -11"><span class='ocrx_word' id='word_1_135' title='bbox 402 1563 451 1609; x_wconf 80' lang='lat'>†)</span> <span class='ocrx_word' id='word_1_136' title='bbox 475 1563 565 1598; x_wconf 74' lang='lat' dir='ltr'>edic.</span> <span class='ocrx_word' id='word_1_137' title='bbox 593 1561 765 1596; x_wconf 80' lang='lat' dir='ltr'>recensui.</span> 
     </span>
    </p>
   </div>
   <div class='ocr_carea' id='block_1_5' title="bbox 912 1629 1090 1639">
    <p class='ocr_par' dir='ltr' id='par_1_9' title="bbox 912 1629 1090 1639">
     <span class='ocr_line' id='line_1_21' title="bbox 912 1629 1090 1639; baseline 0 -2"><span class='ocrx_word' id='word_1_138' title='bbox 912 1629 1090 1639; x_wconf 76' lang='lat'>——-—---</span> 
     </span>
    </p>
   </div>
   <div class='ocr_carea' id='block_1_6' title="bbox 297 1695 1708 1802">
    <p class='ocr_par' dir='ltr' id='par_1_10' title="bbox 297 1695 1708 1802">
     <span class='ocr_line' id='line_1_22' title="bbox 297 1695 1708 1745; baseline 0 -11"><span class='ocrx_word' id='word_1_139' title='bbox 297 1712 375 1736; x_wconf 81' lang='lat' dir='ltr'>ram</span> <span class='ocrx_word' id='word_1_140' title='bbox 411 1695 630 1733; x_wconf 75' lang='lat' dir='ltr'>catachresin</span> <span class='ocrx_word' id='word_1_141' title='bbox 657 1696 752 1737; x_wconf 84' lang='lat' dir='ltr'>diei,</span> <span class='ocrx_word' id='word_1_142' title='bbox 791 1708 965 1732; x_wconf 81' lang='lat' dir='ltr'>verumta-</span> <span class='ocrx_word' id='word_1_143' title='bbox 1039 1698 1083 1732; x_wconf 90' lang='lat'>11.</span> <span class='ocrx_word' id='word_1_144' title='bbox 1103 1707 1138 1732; x_wconf 83' lang='lat'>2.</span> <span class='ocrx_word' id='word_1_145' title='bbox 1158 1696 1436 1742; x_wconf 75' lang='lat' dir='ltr'>maior-estudio</span> <span class='ocrx_word' id='word_1_146' title='bbox 1453 1697 1708 1745; x_wconf 77' lang='lat' dir='ltr'>philosbphiae</span> 
     </span>
     <span class='ocr_line' id='line_1_23' title="bbox 297 1752 1705 1802; baseline -0.002 -11"><span class='ocrx_word' id='word_1_147' title='bbox 297 1770 382 1791; x_wconf 87' lang='lat' dir='ltr'>men</span> <span class='ocrx_word' id='word_1_148' title='bbox 402 1754 493 1789; x_wconf 84' lang='lat' dir='ltr'>haee</span> <span class='ocrx_word' id='word_1_149' title='bbox 522 1766 543 1787; x_wconf 78' lang='lat' dir='ltr'>a</span> <span class='ocrx_word' id='word_1_150' title='bbox 563 1752 714 1800; x_wconf 80' lang='lat' dir='ltr'>parafito</span> <span class='ocrx_word' id='word_1_151' title='bbox 741 1768 803 1801; x_wconf 82' lang='lat' dir='ltr'>per</span> <span class='ocrx_word' id='word_1_152' title='bbox 822 1755 965 1789; x_wconf 82' lang='lat' dir='ltr'>vernili-</span> <span class='ocrx_word' id='word_1_153' title='bbox 1040 1754 1188 1789; x_wconf 76' lang='lat' dir='ltr'>deditus</span> <span class='ocrx_word' id='word_1_154' title='bbox 1207 1754 1316 1796; x_wconf 76' lang='lat' dir='ltr'>fuit,</span> <span class='ocrx_word' id='word_1_155' title='bbox 1359 1766 1466 1798; x_wconf 85' lang='lat' dir='ltr'>quam</span> <span class='ocrx_word' id='word_1_156' title='bbox 1505 1757 1569 1802; x_wconf 85' lang='lat' dir='ltr'>qui</span> <span class='ocrx_word' id='word_1_157' title='bbox 1595 1757 1705 1791; x_wconf 76' lang='lat' dir='ltr'><em>illum</em></span> 
     </span>
    </p>
   </div>
   <div class='ocr_carea' id='block_1_7' title="bbox 296 1809 1705 1975">
    <p class='ocr_par' dir='ltr' id='par_1_11' title="bbox 296 1809 1705 1975">
     <span class='ocr_line' id='line_1_24' title="bbox 296 1809 1705 1859; baseline -0.001 -11"><span class='ocrx_word' id='word_1_158' title='bbox 296 1823 408 1849; x_wconf 80' lang='lat' dir='ltr'>tatem</span> <span class='ocrx_word' id='word_1_159' title='bbox 431 1810 613 1859; x_wconf 76' lang='lat' dir='ltr'>quandam</span> <span class='ocrx_word' id='word_1_160' title='bbox 644 1810 740 1845; x_wconf 72' lang='lat' dir='ltr'>dicta</span> <span class='ocrx_word' id='word_1_161' title='bbox 762 1809 937 1845; x_wconf 82' lang='lat' dir='ltr'>videntur.</span> <span class='ocrx_word' id='word_1_162' title='bbox 1030 1810 1276 1857; x_wconf 56' lang='lat' dir='ltr'>ignorabant.</span> <span class='ocrx_word' id='word_1_163' title='bbox 1304 1810 1705 1846; x_wconf 71' lang='lat' dir='ltr'>arbitrabantur.con-</span> 
     </span>
     <span class='ocr_line' id='line_1_25' title="bbox 342 1864 1676 1916; baseline 0 -14"><span class='ocrx_word' id='word_1_164' title='bbox 342 1879 397 1916; x_wconf 81' lang='lat'>59.</span> <span class='ocrx_word' id='word_1_165' title='bbox 429 1881 465 1905; x_wconf 78' lang='lat' dir='ltr'>te</span> <span class='ocrx_word' id='word_1_166' title='bbox 488 1868 738 1915; x_wconf 77' lang='lat' dir='ltr'>ignorabam]</span> <span class='ocrx_word' id='word_1_167' title='bbox 786 1870 966 1914; x_wconf 71' lang='lat' dir='ltr'>ignorare</span> <span class='ocrx_word' id='word_1_168' title='bbox 1038 1867 1185 1902; x_wconf 73' lang='lat' dir='ltr'>uarium</span> <span class='ocrx_word' id='word_1_169' title='bbox 1207 1864 1254 1900; x_wconf 81' lang='lat' dir='ltr'>est</span> <span class='ocrx_word' id='word_1_170' title='bbox 1271 1868 1485 1912; x_wconf 78' lang='lat' dir='ltr'>intelligere</span> <span class='ocrx_word' id='word_1_171' title='bbox 1504 1867 1676 1915; x_wconf 81' lang='lat' dir='ltr'>aliquem.</span> 
     </span>
     <span class='ocr_line' id='line_1_26' title="bbox 297 1923 1702 1975; baseline -0.002 -13"><span class='ocrx_word' id='word_1_172' title='bbox 297 1930 457 1975; x_wconf 77' lang='lat' dir='ltr'>aliquem</span> <span class='ocrx_word' id='word_1_173' title='bbox 489 1925 663 1969; x_wconf 76' lang='lat' dir='ltr'>fignificat</span> <span class='ocrx_word' id='word_1_174' title='bbox 690 1924 840 1958; x_wconf 77' lang='lat' dir='ltr'>alicuius</span> <span class='ocrx_word' id='word_1_175' title='bbox 860 1924 965 1958; x_wconf 88' lang='lat' dir='ltr'>iudo·-</span> <span class='ocrx_word' id='word_1_176' title='bbox 1083 1924 1139 1966; x_wconf 79' lang='lat'>64.</span> <span class='ocrx_word' id='word_1_177' title='bbox 1164 1933 1314 1969; x_wconf 71' lang='lat' dir='ltr'>praeter</span> <span class='ocrx_word' id='word_1_178' title='bbox 1330 1923 1566 1968; x_wconf 66' lang='lat' dir='ltr'><strong><em>promffcm]</em></strong></span> <span class='ocrx_word' id='word_1_179' title='bbox 1623 1924 1648 1958; x_wconf 90' lang='lat' dir='ltr'>i.</span> <span class='ocrx_word' id='word_1_180' title='bbox 1669 1937 1702 1959; x_wconf 79' lang='lat' dir='ltr'>e.</span> 
     </span>
    </p>
   </div>
   <div class='ocr_carea' id='block_1_8' title="bbox 296 1977 1703 2142">
    <p class='ocr_par' dir='ltr' id='par_1_12' title="bbox 296 1977 1703 2142">
     <span class='ocr_line' id='line_1_27' title="bbox 297 1977 1703 2026; baseline -0.001 -9"><span class='ocrx_word' id='word_1_181' title='bbox 297 1984 368 2018; x_wconf 82' lang='lat' dir='ltr'>lem</span> <span class='ocrx_word' id='word_1_182' title='bbox 388 1993 421 2017; x_wconf 86' lang='lat' dir='ltr'>et</span> <span class='ocrx_word' id='word_1_183' title='bbox 440 1985 556 2016; x_wconf 64' lang='lat' dir='ltr'>mo‘res</span> <span class='ocrx_word' id='word_1_184' title='bbox 587 1994 661 2016; x_wconf 88' lang='lat' dir='ltr'>non</span> <span class='ocrx_word' id='word_1_185' title='bbox 683 1980 766 2016; x_wconf 70' lang='lat' dir='ltr'>satis</span> <span class='ocrx_word' id='word_1_186' title='bbox 785 1992 906 2016; x_wconf 84' lang='lat' dir='ltr'>tenere</span> <span class='ocrx_word' id='word_1_187' title='bbox 924 1981 963 2015; x_wconf 87' lang='lat' dir='ltr'>in</span> <span class='ocrx_word' id='word_1_188' title='bbox 1038 1990 1163 2014; x_wconf 80' lang='lat' dir='ltr'>contra</span> <span class='ocrx_word' id='word_1_189' title='bbox 1184 1977 1391 2026; x_wconf 83' lang='lat' dir='ltr'>promissum</span> <span class='ocrx_word' id='word_1_190' title='bbox 1416 1979 1452 2013; x_wconf 83' lang='lat' dir='ltr'>in</span> <span class='ocrx_word' id='word_1_191' title='bbox 1474 1978 1583 2014; x_wconf 79' lang='lat' dir='ltr'>Andr.</span> <span class='ocrx_word' id='word_1_192' title='bbox 1603 1981 1648 2014; x_wconf 91' lang='lat'>11.</span> <span class='ocrx_word' id='word_1_193' title='bbox 1668 1980 1703 2018; x_wconf 91' lang='lat'>6.</span> 
     </span>
     <span class='ocr_line' id='line_1_28' title="bbox 296 2036 1702 2082; baseline -0.002 -8"><span class='ocrx_word' id='word_1_194' title='bbox 296 2040 427 2074; x_wconf 73' lang='lat' dir='ltr'>Heaut.</span> <span class='ocrx_word' id='word_1_195' title='bbox 449 2040 476 2073; x_wconf 89' lang='grc' dir='ltr'>Ι.</span> <span class='ocrx_word' id='word_1_196' title='bbox 503 2051 531 2072; x_wconf 88' lang='grc' dir='ltr'>ι.</span> <span class='ocrx_word' id='word_1_197' title='bbox 556 2047 612 2080; x_wconf 79' lang='lat'>53.</span> <span class='ocrx_word' id='word_1_198' title='bbox 633 2052 762 2078; x_wconf 83' lang='lat' dir='ltr'>erras,</span> <span class='ocrx_word' id='word_1_199' title='bbox 804 2052 816 2073; x_wconf 91' lang='grc' dir='ltr'><em>ι</em></span> <span class='ocrx_word' id='word_1_200' title='bbox 833 2041 876 2074; x_wconf 79' lang='lat' dir='ltr'>id</span> <span class='ocrx_word' id='word_1_201' title='bbox 890 2052 965 2074; x_wconf 81' lang='lat' dir='ltr'>cre-</span> <span class='ocrx_word' id='word_1_202' title='bbox 1038 2046 1071 2080; x_wconf 85' lang='grc'>5-</span> <span class='ocrx_word' id='word_1_203' title='bbox 1102 2049 1250 2082; x_wconf 80' lang='lat' dir='ltr'>praeter·</span> <span class='ocrx_word' id='word_1_204' title='bbox 1267 2039 1371 2082; x_wconf 82' lang='lat' dir='ltr'>spem</span> <span class='ocrx_word' id='word_1_205' title='bbox 1396 2039 1521 2072; x_wconf 76' lang='lat' dir='ltr'>evenit</span> <span class='ocrx_word' id='word_1_206' title='bbox 1547 2036 1591 2073; x_wconf 87' lang='lat' dir='ltr'>V.</span> <span class='ocrx_word' id='word_1_207' title='bbox 1615 2044 1648 2080; x_wconf 81' lang='lat'>3.</span> <span class='ocrx_word' id='word_1_208' title='bbox 1667 2045 1702 2079; x_wconf 75' lang='grc'>8.</span> 
     </span>
     <span class='ocr_line' id='line_1_29' title="bbox 298 2095 1526 2142; baseline -0.002 -10"><span class='ocrx_word' id='word_1_209' title='bbox 298 2097 358 2133; x_wconf 69' lang='lat' dir='ltr'>die</span> <span class='ocrx_word' id='word_1_210' title='bbox 375 2107 411 2132; x_wconf 75' lang='lat' dir='ltr'>et</span> <span class='ocrx_word' id='word_1_211' title='bbox 427 2108 483 2132; x_wconf 80' lang='lat' dir='ltr'>me</span> <span class='ocrx_word' id='word_1_212' title='bbox 501 2097 669 2142; x_wconf 69' lang='lat' dir='ltr'>ignoras.</span> <span class='ocrx_word' id='word_1_213' title='bbox 688 2096 766 2132; x_wconf 88' lang='lat' dir='ltr'>Cic.</span> <span class='ocrx_word' id='word_1_214' title='bbox 791 2095 961 2131; x_wconf 79' lang='lat' dir='ltr'>Academ.</span> <span class='ocrx_word' id='word_1_215' title='bbox 1037 2105 1187 2138; x_wconf 77' lang='lat' dir='ltr'>praeter</span> <span class='ocrx_word' id='word_1_216' title='bbox 1218 2095 1358 2132; x_wconf 79' lang='lat' dir='ltr'><em>civium</em></span> <span class='ocrx_word' id='word_1_217' title='bbox 1371 2106 1526 2131; x_wconf 80' lang='lat' dir='ltr'>morem.</span> 
     </span>
    </p>
   </div>
  </div>
 </body>
</html>
