1812 3100
363 155 462 216 334
521 159 525 170 ’
651 148 1478 218 HEAU‘TONTiMoRUMENos.
1544 124 1549 126 v

358 294 442 341 CL.
477 294 653 341 Metuo
677 293 798 360 quid
823 311 975 361 agam.
1034 267 1122 346 SY.
1159 294 1372 360 Metuis,
1407 299 1545 370 qnafi
1567 319 1677 353 non
1711 289 1772 355 ee

712 366 928 427 potestas
960 360 1017 412 fit
1049 379 1136 415 tua
1150 404 1161 424 ,

355 428 475 490 Quo
501 423 623 475 velis
651 427 704 474 in
736 442 980 495 tempore,
1026 447 1082 482 ut
1107 447 1155 483 te
1185 433 1430 496 exsolvas,
1470 453 1576 486 rem
1610 437 1766 488 facias
1806 491 1812 503 ,

354 562 438 610 CL.
473 567 600 628 Age,
635 495 1079 629 εςεξῖἃΙῑῗ-Ξὲυόοζιων
1105 567 1329 619 Bacchis.
1357 573 1425 633 ⁵¹)
1486 569 1576 621 SY.
1610 573 1766 639 Optu-

708 649 798 680 me.
830 633 933 698 ipsa
958 634 1060 682 exit
1088 634 1238 686 foras.

384 772 451 830 (A
464 791 490 819 c:
505 794 536 821 τ
552 793 580 820 u
595 795 616 824 s
651 775 727 822 IV.
792 771 824 825 S
839 794 865 822 c
882 793 906 824 ε
922 796 955 824 N
973 797 996 824 A
1031 778 1136 836 IV.)
1200 774 1473 830 BACCHIS.
1513 779 1733 831 CLINIA.

641 840 851 893 SYRUS.
887 845 1141 893 DROMO.
1175 848 1472 897 PHRYGIA.

347 954 442 1003 BA,
466 949 530 1014 5²)
565 951 698 1003 Satis
720 954 807 1020 pol
829 969 1062 1021 proterve
1084 974 1162 1006 me
1186 956 1300 1023 Syri
1318 960 1548 1025 promissa
1567 959 1672 1010 huc
1692 955 1759 1009 in-

346 1089 536 1138 -Decem
555 1093 616 1150 53)
664 1024 1034 1158 mtilggcgtuztgas
1071 1091 1192 1142 mihi
1229 1091 1347 1144 dare
1388 1091 1644 1161 pollicitus
1680 1097 1756 1145 est.

703 1158 853 1224 Quod
883 1156 917 1206 fi
949 1161 991 1208 is
1027 1179 1164 1210 nunc

346 1224 432 1271 Me
465 1223 738 1291 deceperit,
780 1226 921 1292 saepe
954 1227 1216 1278 obsecrans
1246 1246 1345 1288 me,
1381 1242 1440 1278 ut
1460 1230 1668 1290 veniam,
1694 1235 1755 1290 54)
1801 1291 1804 1295 ⁴

702 1292 878 1342 frustra
908 1297 1083 1353 veniet,
1470 1348 1477 1358 ,

343 1363 446 1406 Aut
475 1376 592 1408 cum
622 1373 884 1409 venturam
908 1365 969 1422 65)
1003 1362 1174 1413 dixero
1196 1377 1247 1413 et
1278 1364 1604 1422 constituero,
1637 1382 1753 1414 cum

699 1428 741 1476 is
768 1443 901 1478 certe

299 1493 679 1554 5Renuntiarit,
712 1494 929 1562 Clitipho
950 1516 1064 1547 cum
1083 1499 1163 1566 spe
1184 1500 1223 1560 *)
1255 1497 1492 1565 pendebit
1521 1499 1688 1559 animi,

399 1628 464 1672 50)
489 1626 588 1675 quod
608 1625 657 1662 est
677 1627 791 1663 amica
812 1628 1035 1676 Clitiphonis
1098 1631 1163 1676 51)
1188 1629 1391 1676 expellatur
1406 1629 1478 1664 huc
1497 1640 1534 1665 et
1550 1629 1751 1666 iutroduea-
1810 1670 1812 1673 ,

442 1694 501 1718 tur
520 1685 558 1718 in
578 1685 727 1720 domum
748 1686 858 1733 patris
881 1687 952 1721 mei
999 1687 1064 1733 52)
1087 1686 1217 1721 Adhuc
1238 1687 1324 1721 dum
1344 1685 1428 1721 esset
1448 1685 1599 1721 Bacchis
1628 1687 1666 1722 in
1686 1687 1749 1722 do-

441 1752 504 1774 mo
533 1740 700 1777 Chremis
729 1742 945 1788 indignans,
981 1742 1079 1790 quod
1098 1744 1201 1788 Syrus
1231 1743 1264 1777 ei
1293 1743 1464 1777 mentitus
1483 1741 1577 1783 estet,
1604 1742 1749 1780 dicebat

442 1794 562 1830 secum
631 1802 690 1840 53)
730 1809 877 1846 propter
908 1798 1033 1833 decem
1103 1803 1162 1844 54)
1198 1797 1245 1833 ad
1280 1798 1532 1848 Clitiphonem
1598 1803 1657 1844 55)
1686 1813 1747 1837 me

440 1854 474 1895 *)
502 1855 594 1891 edic.
612 1855 652 1889 in
678 1853 759 1902 spe,
782 1857 963 1899 probante
990 1857 1114 1892 Bentl-

1120 2013 1154 2036 2.
1184 2003 1304 2038 decem
1322 2004 1442 2039 minas
1459 2002 1574 2051 quas]
1615 2003 1742 2040 eadem

336 2000 496 2049 optantis
525 2000 580 2035 vel
600 2001 806 2036 metuentis.
830 2015 861 2037 v.
881 2000 1000 2038 Beml.

1077 2057 1362 2097 constructione,
1414 2071 1485 2106 qua
1518 2059 1556 2094 in
1589 2059 1741 2106 prologo

334 2058 381 2092 ad
405 2058 490 2092 Hor.
513 2057 614 2104 epist.
642 2059 671 2091 1.
695 2059 746 2092 16.
766 2067 799 2099 8.

357 2115 471 2162 *quid
493 2114 535 2158 fi
569 2127 665 2150 nunc
702 2117 843 2150 coelum
884 2117 997 2156 ruat]

329 2171 558 2218 proverbium
588 2172 633 2206 de
664 2172 708 2206 iis
735 2172 796 2217 qui
815 2171 937 2205 omnia
957 2170 1000 2204 ti-

328 2237 442 2263 ment.
470 2240 500 2264 v.
521 2229 657 2262 Erasmi
678 2227 780 2273 adag-

372 2291 430 2328 42.
479 2286 586 2331 quasi
621 2301 696 2322 non
729 2297 773 2321 ea
806 2281 993 2328 potestas]

325 2353 392 2388 pro
417 2341 515 2388 quafi
543 2342 582 2376 id
606 2356 680 2377 non
700 2341 742 2376 fit
761 2341 799 2374 in
819 2338 992 2387 potestate

324 2408 401 2432 tua.
434 2397 512 2432 Cic.
543 2398 589 2432 ad
614 2399 722 2434 Attic.
744 2400 807 2434 IV.
834 2410 866 2432 2.
892 2395 991 2430 idem

275 2461 277 2463 '
324 2453 362 2487 in
395 2454 519 2488 Vatin.
547 2467 576 2491 c.
611 2468 660 2501 17.
691 2469 722 2490 v.
753 2455 915 2490 Gronov.
943 2451 989 2486 ad

322 2510 473 2545 Sueten.
492 2513 581 2557 Aug.
605 2525 635 2547 c.
661 2521 714 2555 13.

434 2568 542 2601 Acrr.
568 2569 631 2603 IV.
678 2569 814 2603 Scan.
839 2571 873 2610 4.

369 2634 399 2657 ¹·
426 2626 625 2670 proterve]
654 2666 657 2670 .
675 2625 699 2662 i.
719 2638 750 2661 e.
771 2634 913 2660 temere,
935 2621 990 2654 in·

320 2678 539 2716 considerate
558 2682 593 2716 in
605 2683 693 2717 Hee.
714 2683 775 2718 111.
797 2689 831 2722 5.
850 2686 905 2722 53.
924 2676 987 2711 ubi

318 2746 351 2769 v.
372 2736 508 2773 Donat.
532 2739 625 2774 infra
643 2740 708 2775 IV.
727 2739 761 2774 6.
785 2749 840 2772 ιο.

1073 2113 1231 2149 Andriae
1258 2126 1291 2148 v.
1323 2122 1357 2156 3.
1382 2117 1522 2159 populo
1544 2125 1594 2151 'ut
1615 2117 1740 2161 place·

1073 2183 1157 2206 rent
1199 2184 1295 2220 quas
1325 2172 1474 2218 fecisti-c
1506 2172 1665 2216 fabulas
1704 2186 1738 2207 v.

1072 2237 1153 2264 not·

1115 2292 1150 2326 5.
1204 2287 1244 2319 in
1263 2287 1332 2330 ſjoe
1364 2284 1538 2329 pendebit
1565 2284 1734 2330 animus]

1068 2339 1107 2375 h.
1136 2354 1166 2375 e.
1203 2339 1377 2376 sollicitus
1414 2341 1481 2376 etit
1509 2339 1596 2375 dum
1620 2339 1735 2387 sperat

1067 2410 1126 2432 me
1151 2407 1348 2434 venturam.
1418 2400 1549 2434 Animi
1574 2399 1734 2443 pendere

1065 2453 1116 2489 est
1144 2450 1290 2488 anxium
1318 2465 1353 2490 et
1378 2454 1530 2490 dubium
1550 2453 1630 2489 efl'e.
1651 2453 1732 2489 Cic.
1782 2461 1785 2463 '

1064 2509 1172 2545 Tusc.
1196 2510 1328 2557 quaest.
1354 2512 1382 2545 1.
1401 2518 1458 2554 4ο.
1479 2512 1555 2547 Liv.
1575 2512 1655 2546 VII.
1674 2518 1730 2553 30,

1064 2569 1157 2613 quid
1183 2568 1263 2603 illis
1292 2582 1360 2603 nos
1376 2569 1557 2614 sollicitis
1574 2581 1619 2602 ac
1643 2582 1730 2613 pen-

1063 2624 1235 2659 dentibus
1263 2626 1381 2660 animi
1404 2627 1617 2660 renunciare
1632 2624 1729 2661 iube-
1797 2647 1804 2655 -

1064 2682 1141 2716 atis
1168 2679 1230 2713 ubi
1259 2693 1289 2714 v.
1319 2683 1480 2715 Gronov.
1509 2691 1544 2715 et
1568 2682 1730 2725 pendere

1061 2736 1270 2784 [impliciter
1296 2737 1344 2773 fic
1380 2735 1512 2774 dicitur
1542 2736 1636 2774 Plin.
1662 2737 1732 2775 VI..
1790 2786 1798 2791 ω

1775 2897 1811 2963 .-

1784 3050 1811 3100 2ss
