1812 3100
18 94 43 106 b

248 750 487 796 INCIPIT
539 742 1290 793 HEOTONTIMORUMENOS
1350 742 1538 792 ACTA

110 820 305 867 LUDIS
343 816 824 866 MEGALENSIBUS
869 815 920 857 L.
947 814 1266 859 CORNELIO
1308 813 1541 856 LENTU-

112 893 199 939 LO
239 894 290 936 L.
326 889 600 935 VALERIO
643 886 889 930 FLACCO
921 880 1258 928 AEDILIBUS
1290 883 1541 927 CURULI·

113 962 250 1006 BUS.
303 959 503 1005 EGERE
555 959 608 1002 L.
649 955 955 1001 AMBIVIUS
996 953 1233 998 TURPIO
1273 954 1325 996 L.
1358 950 1544 997 ATTI-

115 1017 262 1077 LIUS
285 1026 767 1075 PRAENESTINUS
789 1023 1044 1068 GRAECA
1067 1021 1409 1066 MENANDM
1431 1019 1544 1064 PRI-

115 1101 243 1150 MA,
297 1098 484 1144 ACTA
526 1095 828 1142 SECUNDA
865 1092 1093 1138 MODOS
1132 1091 1320 1136 FECIT
1365 1091 1545 1135 FLAC-

119 1171 243 1215 CUS
282 1165 712 1213 CLAUDITIBIIS
751 1161 1006 1207 DUABUS
1048 1161 1327 1207 DEXTRIS
1365 1162 1430 1206 M.
1459 1162 1544 1205 IU-

117 1239 228 1286 NIO
266 1240 315 1284 T
318 1270 328 1281 .
359 1235 726 1291 SEMPRONIO
751 1231 1180 1278 CONSULIBUS.

262 1361 599 1409 EXPOSITIO
651 1360 890 1405 TITULI.
966 1361 1081 1405 Acta
1116 1359 1178 1403 est
1209 1360 1258 1403 id
1291 1359 1353 1402 est
1388 1362 1545 1402 recita-

122 1446 170 1481 ta
191 1435 261 1492 est·
275 1435 393 1478 ludis
410 1431 739 1490 Megalensibus
759 1432 902 1475 Lucio
938 1430 1153 1474 Cornelio
1173 1430 1370 1474 Lentulo
1401 1429 1558 1472 Lucio-

123 1506 312 1550 Valerio
333 1503 553 1546 aedilibus
578 1503 827 1545 curulibus.
851 1500 1011 1560 Egere.
1039 1501 1252 1543 fecerunt
1272 1500 1342 1544 vel
1363 1501 1550 1542 admini-

124 1575 379 1618 straverunt
400 1571 485 1616 hos
499 1572 638 1632 ludos
660 1573 1011 1631 Megalenses'in
1043 1571 1230 1614 Graecia
1262 1571 1441 1626 quando
1470 1569 1550 1612 ista

126 1644 280 1693 fabula
309 1642 550 1686 Menandri
584 1642 1128 1685 Heautontimorumenos
1162 1645 1346 1684 recitata
1380 1640 1442 1683 est
1463 1639 1550 1683 Lu·

128 1718 224 1758 cius
261 1714 500 1757 Ambivius
549 1711 727 1770 Turpio
771 1709 940 1754 Lucius
987 1710 1178 1754 Attilius
1220 1709 1548 1754 Praenestinus.

125 1799 296 1843 graeca
316 1780 563 1825 Menandri
581 1784 743 1838 prima.
799 1782 866 1823 Ita
899 1780 960 1824 est
987 1781 1283 1839 iungendum.
1343 1782 1464 1824 Acta
1487 1779 1551 1823 est

125 1868 285 1913 graeca
305 1853 451 1896 fabula
470 1852 717 1895 Menandri
747 1855 891 1909 prima
921 1851 1036 1909 apud
1059 1850 1287 1908 Megalen]
1322 1853 1551 1892 civitatem

125 1924 218 1968 istis
251 1923 380 1981 supra
412 1923 547 1965 dictis
570 1919 769 1964 officium
795 1923 1059 1979 gerentibus
1088 1919 1220 1978 super
1247 1920 1380 1963 aedes
1415 1923 1553 1962 curia·

126 1993 193 2037 les
224 1992 414 2036 Romae.
474 1992 596 2035 Acta
621 1991 826 2034 secunda.
887 1991 1055 2034 Modos
1084 1991 1193 2033 fecit
1220 1990 1407 2032 Flaccus
1439 1989 1555 2031 clau·
1628 2038 1632 2043 ¹

127 2065 299 2106 ditibiis
343 2063 516 2106 duabus
555 2062 726 2104 dextris
765 2061 926 2105 Marco
963 2061 1093 2104 Iunio
1123 2058 1235 2102 Tito
1277 2058 1554 2117 Sempronio

128 2132 407 2177 consul-atum
439 2133 699 2190 gerentibus
730 2130 915 2174 Romae.
991 2131 1176 2173 Flaccus
1207 2143 1317 2172 vero
1357 2127 1557 2171 modula-

84 2223 89 2226 *
132 2209 198 2250 vit
227 2218 339 2246 eam.
393 2201 688 2260 -Appellatur
727 2209 875 2243 autem
903 2201 1015 2243 haec
1046 2199 1194 2243 fabula
1224 2197 1557 2240 heautontimo-

131 2286 350 2318 rumenos
380 2271 501 2326 quod
531 2270 668 2312 latine
703 2268 829 2316 sonat
861 2269 903 2313 se
929 2271 1070 2329 ipsum
1093 2272 1359 2312 excrucians
1394 2266 1479 2310 five
1509 2270 1556 2308 in

133 2344 256 2388 suam
307 2341 446 2400 ipsam
492 2343 875 2383 excruciationem
919 2353 1208 2398 permanens.
1296 2337 1558 2379 Introducit

136 2418 257 2458 enim
290 2417 336 2455 in
372 2410 454 2452 hac
494 2409 644 2453 fabula
687 2410 913 2465 quendam
950 2410 1098 2452 senem
1129 2412 1313 2451 nomine
1343 2405 1559 2450 Menede-

136 2499 262 2528 mum
300 2485 373 2538 qui
405 2484 545 2523 nimio
584 2484 720 2538 opere
758 2495 809 2521 ac
840 2480 995 2522 labore
1039 2479 1175 2520 semet
1214 2477 1355 2536 ipsum
1400 2489 1559 2517 excru-

139 2556 274 2599 ciavit
302 2564 409 2608 prae
436 2550 591 2592 dolore
623 2564 676 2591 eo
712 2550 831 2604 quod
866 2549 1007 2591 filium
1041 2547 1166 2590 suum
1190 2548 1338 2590 severa
1357 2551 1560 2603 increpa-

138 2629 264 2667 tione
287 2637 309 2663 a
333 2621 370 2662 se
394 2619 579 2678 fugasset
598 2619 706 2661 dum
726 2629 943 2677 pergeret
974 2619 1240 2674 frequenter
1263 2617 1316 2659 ad
1348 2616 1559 2659 scortum.

138 2692 351 2737 Venditis
384 2693 503 2732 enim
533 2702 674 2746 paene
706 2691 944 2736 omnibus,
990 2702 1102 2743 quae
1131 2686 1345 2735 habebat,
1389 2688 1562 2742 accepit

141 2762 335 2806 rastrum
390 2762 633 2817 coepitque
680 2771 841 2815 agrum
894 2756 1102 2799 excolere
1160 2760 1300 2799 nimia
1342 2754 1560 2798 instantia.
