1812 3100
247 131 338 184 153

733 132 1168 188 EUNUCHUS.

237 266 405 336 Atque
437 265 527 317 ubi
553 267 613 328 ¹²)
646 267 755 335 pati
786 287 891 319 non
920 272 1125 337 poteris,
1154 274 1214 333 ¹5)
1247 290 1364 323 cum
1390 291 1539 326 nemo
1573 292 1652 327 ex-

591 350 770 401 pectet,
797 340 853 398 ι4)

233 401 417 451 Infecta
443 402 502 464 ¹5)
532 421 658 467 pace
677 402 811 454 ultro
833 403 898 453 ad
917 421 1026 454 earn
1047 409 1244 466 venies,
1281 407 1513 459 indicans

236 472 354 517 Earn
376 471 416 529 *)
449 484 497 518 te
523 487 702 528 amare,
726 471 784 531 16)
816 487 866 521 et
885 472 1010 522 ferre
1042 493 1146 525 non
1174 476 1319 542 posse.
1345 481 1402 536 ¹7)
1467 485 1652 529 Actum

594 539 661 586 est
685 538 829 588 ilicet.
853 545 909 599 ¹8)

165 625 216 652 ιο
233 604 414 661 Peristi,
442 605 501 663 ¹9)
527 602 721 665 eludet,
756 609 818 667 ²⁰)
857 606 947 655 ubi
964 620 1013 654 te
1032 609 1220 658 victum
1244 610 1448 661 senserit.
1467 616 1531 672 ²¹)

232 674 332 720 PH.
368 673 520 720 Proin
541 675 603 732 ²²)
638 687 696 723 tu
717 679 777 734 23)
813 673 932 723 dum
966 674 1035 723 est
1066 688 1280 743 tempus,
1312 680 1463 726 etiam
1492 672 1673 747 atque*

589 742 739 788 etiam
767 742 944 807 cogita.
964 742 1028 799 ²4)

232 808 365 855 PAR.
397 809 461 855 E1
463 824 502 865 e,
519 812 578 868 ²5)
614 826 746 874 quae
764 826 843 857 ies
865 809 918 855 in
937 805 998 869 26)
1025 808 1071 858 se
1095 827 1263 877 neque
1280 809 1537 862 confilium
1565 830 1649 862 ne-

590 893 689 941 que
720 876 927 925 modum
948 878 1010 935 27)

228 940 399 990 Habet
420 940 605 999 ullum,
635 961 741 991 eam
765 941 968 992 confilio
996 960 1166 1009 regere
1184 961 1290 993 non
1320 957 1480 1011 potes.

226 1013 280 1056 In
303 1027 473 1058 amore
497 1009 621 1058 haec
646 1012 816 1059 omnia
835 1012 1002 1059 insunt
1020 1012 1162 1061 vitia.
1187 1017 1247 1073 ²8)
1313 1013 1532 1063 Iniuriae
1550 1017 1613 1076 ²9)

161 1076 559 1142 15Susp1010nes,
594 1079 907 1136 Inimicitiae,
929 1084 991 1141 5⁰)
1029 1075 1283 1138 Induciae,
1310 1083 1371 1141 δ’)

291 1209 353 1255 12)
385 1209 575 1258 postquam
636 1209 898 1258 13)impemm
931 1208 1064 1245 ardoris
1124 1209 1187 1256 14)
1212 1220 1248 1246 te
1266 1220 1410 1259 expetet

1468 1209 1542 1260 15)χ
1555 1211 1649 1250 non-

331 1265 418 1301 dum
438 1265 592 1312 solidata
645 1267 676 1308 ⁴¹)
708 1269 799 1303 edic.
820 1269 918 1315 deest
942 1280 1021 1302 eam
1090 1268 1151 1313 16)
1176 1267 1289 1303 illam.
1338 1271 1401 1304 Ex
1420 1268 1490 1306 hae
1511 1274 1645 1320 gloffa.

333 1337 424 1371 quae
450 1338 524 1359 non
546 1327 721 1361 convenit
739 1336 826 1360 ante
844 1327 979 1372 insi-rto
997 1324 1185 1361 vocabulo
1207 1336 1285 1359 eam
1306 1336 1430 1371 putet.
1461 1328 1502 1363 ἰή
1515 1324 1647 1365 'arche-

331 1393 427 1430 typo
443 1380 673 1428 fitholiascae
707 1383 862 1428 defuzjffie
881 1393 960 1415 eam
1019 1385 1075 1427 17)
1101 1380 1266 1416 ardorem
1292 1382 1390 1423 illiusv
1442 1383 1503 1428 18)
1525 1384 1646 1420 statim

334 1442 391 1483 19)
418 1437 580 1484 perditus
608 1450 644 1472 es
693 1438 760 1483 2ο)
784 1448 819 1472 te
846 1437 1014 1472 meretrix
1059 1438 1126 1483 21)
1151 1449 1273 1473 amore
1298 1436 1362 1473 suo
1381 1462 1388 1470 .
1418 1439 1483 1485 22)
1510 1438 1646 1476 deinde

328 1499 389 1536 23)
408 1496 583 1529 Parmeno
610 1494 674 1540 24)
691 1506 784 1541 quae
802 1505 905 1540 agere
926 1493 1122 1530 debeamus
1147 1495 1212 1540 25)
1232 1507 1255 1530 ο
1276 1493 1426 1530 domine
1458 1497 1524 1543 26)
1544 1509 1646 1534 amor

328 1551 526 1587 meretricis
591 1552 656 1597 27)
687 1561 1012 1599 temperamentum
1069 1552 1133 1597 28)
1168 1551 1255 1586 vitia
1289 1551 1421 1587 amoris
1457 1564 1645 1592 enumerat

333 1610 400 1656 29)
427 1608 564 1644 multae
585 1608 785 1645 iniustitiae
839 1609 908 1654 30)
933 1607 1027 1643 inter
1050 1606 1179 1643 rivales
1223 1607 1288 1652 3¹)
1310 1607 1552 1646 meretricum.

717 1707 739 1732 Ο

267 1768 300 1802 '7-
323 1759 407 1805 pati
432 1770 506 1792 non
521 1757 688 1801 poteris]
735 1755 759 1790 i.
778 1768 811 1791 e.
829 1754 893 1789 ubi

222 1811 352 1848 durare
369 1814 424 1848 vel
443 1814 557 1848 vivere
568 1812 642 1848 fine
651 1812 799 1847 Thaide
816 1823 893 1846 nou

219 1869 371 1917 poteris
419 1873 503 1906 Paci
529 1870 631 1905 nullo
660 1868 803 1904 adiecto
830 1880 894 1902 no·

219 1925 330 1960 minis
361 1924 440 1960 casu
473 1925 522 1961 elt
561 1925 738 1960 obdurare
766 1936 892 1970 graece

218 1994 410 2034 κρατερειν
443 1993 551 2029 quam
565 1979 660 2015 verbi
679 1978 892 2027 potestatem

217 2038 440 2075 illustrarunt
477 2035 542 2069 viri
575 2033 705 2069 [ummi
736 2033 887 2069 Grotius

218 2096 266 2132 ad
284 2097 373 2132 Luc.
401 2093 447 2126 V
473 2092 554 2134 316.
588 2102 623 2126 et
651 2091 812 2126 Gronov.
840 2089 887 2124 ad

215 2154 375 2189 Senecae
405 2147 553 2195 Thyest.
580 2160 613 2182 v.
632 2153 714 2192 470.
737 2147 776 2181 in
795 2147 885 2181 Hec.

213 2213 244 2248 Ι.
274 2223 307 2245 2.
340 2215 416 2249 108.
446 2207 509 2242 ubi
536 2218 612 2240 non
641 2206 721 2253 quit
742 2206 828 2249 pati
846 2203 886 2238 in

211 2269 347 2303 Heaut.
385 2264 449 2299 lv.
486 2270 520 2305 5.
558 2267 610 2304 14.
640 2275 713 2296 non
744 2263 885 2306 poffum

212 2327 307 2369 paci,
332 2323 420 2370 quin
432 2320 503 2356 tibi
519 2327 630 2361 caput
650 2317 884 2353 demulceam.

210 2382 302 2417 Mox
316 2392 355 2414 v..
372 2391 406 2425 9.
430 2390 496 2425 pro
516 2389 559 2411 eo
580 2374 666 2410 dicit
675 2375 784 2420 ferre
811 2389 886 2411 non

210 2439 320 2484 posse.

218 2529 221 2533 ,
253 2494 291 2540 9.
315 2491 443 2536 ilicet]
504 2487 723 2537 desperantis
749 2487 884 2523 formu-

208 2551 246 2586 la
263 2549 334 2589 est,
368 2548 456 2583 ficut
473 2560 598 2583 actum
617 2549 690 2593 ese,
730 2557 821 2592 quae
838 2556 882 2579 ex

208 2605 357 2642 iudiciis
385 2607 555 2639 manavit.
601 2603 698 2638 Nam
726 2612 879 2649 praetor.

209 2660 291 2698 cum
311 2660 530 2707 agendarum
557 2673 673 2695 rerum
702 2658 810 2693 finem
829 2656 881 2691 fa-

207 2733 288 2756 cere
314 2719 442 2760 vellet,
474 2729 693 2767 praeconem
724 2715 883 2754 clamare,

969 1752 1123 1789 iubebat
1161 1756 1265 1791 ilicet
1302 1754 1328 1789 ἱ.
1372 1768 1402 1790 e.
1446 1754 1498 1790 ire
1540 1755 1639 1793 iicet.

968 1823 1001 1845 v.
1023 1811 1159 1846 Donat.
1188 1810 1234 1844 ad
1257 1811 1294 1847 h.
1320 1810 1346 1845 l.
1364 1811 1459 1846 Serv.
1482 1812 1528 1846 ad
1549 1814 1640 1852 Aen.

966 1867 1013 1902 II.
1031 1871 1112 1910 424.
1134 1875 1170 1900 et
1195 1866 1414 1906 Gemenud
1439 1869 1638 1906 Claudiam.

969 1936 1025 1971 ep.
1043 1923 1092 1957 11.
1117 1934 1169 1968 19.
1691 1966 1693 1969 .

1017 1991 1071 2013 ιο.
1094 1979 1247 2023 eludet]
1297 1978 1320 2016 i.
1339 1988 1369 2014 e.
1398 1979 1466 2015 tibi
1493 1979 1636 2022 illudet,

962 2046 999 2071 te
1018 2034 1191 2071 irridebit.
1219 2035 1298 2070 Liv.
1325 2036 1459 2071 XXVI.
1480 2048 1537 2071 22.
1560 2040 1638 2074 elu-

962 2094 1058 2128 dant
1096 2104 1195 2127 nunc
1232 2093 1391 2140 antiqua
1432 2095 1635 2138 mimntes5

963 2148 1027 2183 ubi
1045 2161 1077 2182 v.
1099 2148 1262 2183 Gronov.
1283 2148 1385 2182 Curt.
1401 2149 1498 2184 Vm.
1521 2162 1550 2184 1.
1579 2153 1637 2187 10-

959 2208 1024 2242 vis
1048 2207 1244 2242 oraculum
1271 2207 1438 2241 eludens.

1006 2263 1155 2306 victus]
1182 2262 1294 2297 victus
1307 2261 1449 2301 dicitur,
1468 2262 1539 2309 ‘qui
1558 2274 1635 2298 non

962 2319 1079 2366 potest
1112 2319 1226 2353 amori
1246 2317 1401 2354 refistere
1430 2317 1524 2354 infra
1547 2319 1578 2353 I.
1598 2331 1633 2354 2.

960 2384 1017 2421 98.
1042 2377 1220 2423 labafiu'c,
1253 2379 1381 2413 victus
1403 2389 1478 2412 uno
1504 2376 1633 2412 ver-bo.

959 2445 991 2467 v.
1017 2432 1216 2468 Burmann.
1243 2432 1292 2467 ad
1319 2430 1430 2468 Ovid.
1453 2442 1566 2466 amor.
1584 2432 1632 2467 ΙΙ.

962 2497 1015 2531 18·
1039 2501 1092 2527 ιι.

1008 2559 1062 2582 12.
1089 2561 1204 2596 neque
1219 2545 1413 2590 confilium
1428 2556 1540 2593 neque
1557 2543 1631 2578 mo&

957 2603 1046 2640 dum
1065 2603 1196 2649 habet]
1244 2603 1438 2648 confilium
1457 2600 1507 2635 est
1524 2600 1629 2639 ratio.

954 2661 1089 2696 modus
1118 2659 1335 2695 moderatio.
1358 2658 1456 2703 Virg.
1480 2656 1556 2691 Ecl.
1579 2656 1626 2691 11.

953 2716 1013 2759 68.
1034 2719 1117 2766 quis
1134 2717 1269 2754 modus
1287 2715 1389 2763 adfic
1405 2717 1537 2751 amori.
