1812 3100
287 132 388 183 208„
450 151 455 158 ·

770 131 1206 183 EUNUCHUS.

279 267 366 314 Ait
394 282 496 317 rem
526 262 744 312 divinam
773 270 839 325 90)
877 263 1036 316 Fecisse
1073 265 1144 323 fe,
1186 278 1237 314 et
1266 282 1370 314 rem
1400 264 1578 316 seriam
1580 269 1704 342 9¹)

283 331 424 381 Velle
457 341 600 394 agere
636 349 844 379 mecum.

922 335 1023 379 Iam
1054 345 1162 380 tum
1196 350 1250 381 e1
1253 346 1304 381 at
1331 327 1438 398 ususp
1406 333 1578 406 pic-ig

278 399 414 449 Dolo
438 397 573 446 malo
595 398 715 446 haec
737 397 844 446 fieri
866 401 1045 448 omnia.
1065 404 1125 460 92)
1173 402 1276 467 Ipsa
1309 398 1606 448 accumbere
1626 399 1694 458 93)

212 491 262 519 10
278 473 504 524 Mecum,
546 465 772 532 mihique
810 468 901 515 sese
933 466 1073 525 dare,
1100 471 1161 528 94)
1195 419 1499 516 psermonem
1543 470 1695 535 quae

635 551 714 581 rei
717 552 755 582 e.
786 531 850 595 95)

285 600 387 651 Ubi
410 600 564 674 friget,
584 597 646 662 96)
680 600 780 650 huc
809 598 973 657 evafit,
999 602 1062 659 97)
1095 619 1249 668 quam
1276 600 1467 668 pridem
1492 599 1572 660 98)

283 674 432 719 Pater
453 639 574 716 mihi
592 683 645 717 et
663 682 820 716 mater
842 685 951 715 11101
953 682 1030 715 tu1
1046 668 1205 717 essent.
1242 669 1370 727 dico,
1402 670 1503 717 iam
1529 668 1627 718 diu.
1679 681 1682 684 ’

277 740 381 787 Rus
405 737 548 786 Sunii
572 741 633 797 99)
662 741 699 796 *)
735 735 935 802 ecquod
982 740 1015 812 ¹)
1036 738 1077 792 *)
1108 735 1343 795 habeam3
1363 737 1428 796 **)
1457 750 1508 785 et
1538 753 1694 804 quam

634 802 783 870 longe
822 821 852 851 a
885 803 1022 850 mari.
1050 806 1089 863 2)

336 949 402 996 90)
446 946 581 983 sacram
627 947 692 993 91)
720 956 849 981 certam
871 943 1013 980 causam
1033 944 1107 980 fine
1125 942 1209 979 risu.
1265 946 1326 989 9²)
1353 942 1398 976 ad
1418 942 1520 978 illam
1540 955 1600 979 me
1622 943 1696 981 fne-

382 1006 465 1053 pius
491 1016 669 1038 recurrere
713 1003 779 1049 95)
805 1016 869 1050 pro
899 1001 1136 1037 accumbebat
1189 1000 1255 1047 94)
1289 1014 1353 1047 pro
1378 999 1488 1037 dabnt
1539 1001 1607 1055 3⁶)
1629 1005 1695 1048 μή

383 1061 579 1108 quaerebat
632 1060 698 1106 96)
720 1059 783 1093 ubi
801 1059 937 1094 refrixit
956 1072 1057 1094 amor
1077 1059 1131 1094 vel
1153 1058 1338 1092 accubitus
1391 1059 1458 1104 97)
1485 1057 1630 1094 devenit
1646 1057 1698 1093 lo·

383 1116 530 1164 quendo
596 1116 662 1161 98)
699 1114 837 1150 dudum
911 1119 970 1160 99)
998 1129 1038 1162 ρ
1040 1116 1183 1162 oprium
1214 1127 1351 1150 nomen
1377 1115 1487 1150 villae
1540 1119 1587 1156 ι)
1611 1126 1696 1149 ecce

383 1183 558 1221 quantum
580 1174 782 1219 secundum
803 1176 910 1209 illam
932 1186 1061 1208 nocam
1085 1175 1273 1218 pertinent
1293 1171 1382 1210 haec
1406 1172 1523 1208 verba
1547 1172 1601 1207 ad
1616 1172 1697 1215 ser-

335 1224 340 1231 .
382 1245 523 1268 monem
555 1230 754 1266 Chremetis
784 1231 836 1265 ad
869 1230 1044 1266 Thaidem

381 1289 474 1324 edit.
505 1285 637 1334 ecquid
665 1290 876 1333 incer-rogat
901 1286 1012 1322 Thais

372 1349 456 1393 sum
485 1347 618 1379 comice
641 1347 769 1391 cepisse
794 1347 947 1380 videtur·
974 1354 1106 1377 auctor
1134 1341 1282 1385 fixholii.

1112 1229 1148 1273 ⁴¹)
1175 1229 1243 1274 sed
1266 1229 1469 1274 secundum
1501 1229 1695 1281 Iectf'nnem

1057 1285 1103 1325 ⁴⁴¹)
1127 1286 1217 1320 edic.
1244 1283 1426 1320 haberem.
1474 1288 1589 1323 Recte
1608 1289 1694 1331 fin-

1346 1343 1444 1376 Nam
1470 1343 1586 1388 paulo
1613 1343 1696 1386 post

386 1402 553 1437 Chremes
571 1404 627 1437 aic
654 1418 719 1437 rus
746 1402 880 1436 Thaidi
904 1401 1100 1445 plamaffi,
1132 1402 1279 1443 placere
1298 1410 1421 1434 autem
1439 1413 1514 1435 non
1530 1409 1691 1443 poterae,

379 1459 453 1503 nist
482 1470 593 1494 antea
621 1460 753 1495 edocta
769 1459 923 1505 fuisset,
960 1455 1144 1492 Chremem
1170 1456 1223 1491 ibi
1242 1470 1308 1492 rus
1325 1455 1471 1494 habere.
1516 1455 1558 1500 a)
1585 1453 1694 1490 inter·

379 1514 538 1561 rogabat.

323 1653 357 1687 7.
380 1653 456 1680 rom
478 1639 651 1674 divinam
663 1637 814 1684 fecisst]
861 1638 886 1672 i.
915 1651 946 1673 e.

276 1694 494 1732 sacrificaffe.
517 1695 606 1729 Hec.
629 1696 656 1728 Ι.
676 1707 710 1728 2.
740 1706 817 1740 ¹⁰9·

321 1766 397 1789 rem
417 1751 581 1796 set-iam]
631 1750 657 1784 ἰ.
687 1763 717 1784 e.
747 1762 886 1796 gravem
911 1759 947 1784 et

273 1809 423 1845 maximi
452 1806 641 1842 momenti.
705 1807 802 1840 Inter
821 1807 945 1850 sbrius

275 1877 312 1901 et
323 1869 477 1912 severus
495 1863 567 1897 hoc
587 1863 781 1897 discrimen
801 1864 868 1902 est,
905 1874 945 1898 ut

272 1923 373 1971 prius
393 1921 465 1955 fere
488 1919 628 1954 dicatur
649 1919 693 1953 de
715 1919 946 1966 rebus,‚po-

273 1978 399 2015 sterius
440 1975 485 2010 de
513 1976 737 2010 hominibus.
769 1977 863 2022 Nep.
905 1976 943 2010 in

271 2036 398 2082 Pelop.
419 2046 449 2068 c.
478 2041 510 2075 3.
532 2036 572 2069 in
600 2035 799 2079 crastinum
826 2034 944 2076 dlsfe·

215 2087 218 2091 ’
274 2105 315 2127 ro
342 2106 402 2127 res
417 2092 551 2134 serias.
579 2103 610 2124 v.
627 2090 766 2125 Duker.
795 2089 840 2122 ad
866 2089 943 2126 Liv.

271 2149 406 2183 XXIII.
428 2159 461 2190 7.

322 2217 376 2239 ιο.
397 2207 472 2250 fest,-
495 2201 610 2245 dare]
649 2202 740 2236 dare
759 2204 801 2246 se
827 2202 945 2236 alicui

271 2260 465 2298 dicuntur,
498 2259 559 2306 qui
579 2258 717 2292 faciunt
735 2257 832 2304 quod
854 2258 942 2291 alter

272 2317 394 2364 cupit,
429 2315 491 2362 qui
514 2315 546 2348 ei
573 2316 663 2360 grati
685 2314 752 2349 effe
776 2313 942 2348 laborant

270 2373 372 2409 omni
397 2371 558 2419 obsequii
579 2384 708 2417 genere
747 2371 784 2404 in
806 2369 872 2411 Ad.
893 2371 938 2403 V.

270 2440 305 2475 3.
327 2440 384 2474 52.
407 2431 457 2466 da
479 2442 517 2465 ce
536 2429 646 2464 hodie
667 2427 767 2464 mihi.
785 2427 882 2473 Nep.
901 2426 940 2460 in

270 2492 343 2524 Att.
373 2500 402 2521 e.
433 2499 465 2532 9.
493 2489 560 2535 qui
597 2484 827 2531 adversariis
863 2486 941 2518 eius

258 2547 305 2590 se
323 2545 477 2580 dabant.
501 2543 580 2577 Cic.
601 2542 646 2576 ad
667 2542 748 2575 Div.
769 2542 813 2574 ll.
833 2548 865 2581 8.
892 2541 942 2574 da

270 2615 307 2640 ce
326 2602 465 2636 homini
494 2600 554 2634 ubi
573 2612 602 2634 v.
623 2600 764 2634 Manut-

308 2662 511 2705 sermonem
532 2655 727 2704 quaerere]
761 2651 810 2687 est
829 2650 942 2685 unde-

272 2727 416 2761 cunque
444 2712 681 2760 colloquendi
715 2709 940 2746 occasionem

1024 1645 1180 1683 captare,
1199 1643 1239 1668 ut
1258 1633 1357 1668 Don.
1377 1632 1423 1667 ad
1435 1632 1474 1670 h.
1487 1633 1512 1671 1.
1558 1635 1626 1679 Pto
1646 1649 1689 1671 eo

1021 1691 1211 1727 Petronius
1233 1703 1263 1724 c.
1277 1699 1331 1735 37.
1347 1689 1436 1724 dicit
1446 1691 1608 1733 fabulas
1626 1705 1691 1728 ar-

1021 1751 1149 1795 eeſj'ere
1167 1746 1228 1781 ubi
1247 1759 1278 1780 v.
1299 1748 1497 1781 Burmann.
1551 1756 1556 1761 ·
1582 1759 1585 1763 ·

1071 1817 1123 1838 ιι.
1149 1804 1212 1841 ubi
1223 1803 1374 1849 friget]
1425 1803 1450 1837 i.
1482 1815 1513 1837 e.
1541 1801 1694 1850 loquen-

1021 1859 1059 1894 di
1100 1860 1251 1894 materia
1292 1858 1461 1894 exhausta
1502 1857 1572 1898 est,
1626 1859 1690 1894 ubi

1019 1916 1115 1952 nibil
1136 1916 1291 1963 amplius
1309 1914 1409 1963 quod
1420 1913 1518 1950 dicat
1536 1915 1690 1951 inveniri

1020 1972 1148 2020 potest.
1207 1972 1382 2007 Similiter
1409 1983 1466 2019 ap.
1496 1971 1613 2009 Cicer.
1643 1972 1691 2008 ad
1751 2024 1754 2027 Δ

1019 2030 1102 2064 Div.
1145 2031 1208 2064 ΙΙΙ.
1244 2037 1278 2071 8.
1322 2027 1535 2062 imminutus
1574 2028 1689 2065 sermo

1019 2085 1212 2120 hominum
1265 2084 1398 2120 dicitur
1438 2085 1689 2133 refrigeratus

1020 2142 1082 2177 ubi
1108 2155 1138 2176 v.
1161 2142 1302 2176 Manut.

1064 2199 1134 2234 huc
1153 2198 1300 2243 evafic]
1331 2196 1355 2233 i.
1377 2208 1407 2232 e.
1429 2195 1476 2230 ad
1493 2195 1558 2232 han
1581 2209 1688 2243 quae-

1017 2255 1151 2290 stiones
1173 2255 1373 2290 sermonem
1390 2253 1524 2288 retulit.
1544 2253 1686 2292 Sallust,

1019 2313 1056 2346 in
1083 2314 1160 2357 Iug.
1191 2325 1221 2346 c.
1259 2317 1310 2356 ¹4·
1335 2310 1487 2347 huccine
1510 2311 1688 2355 benefici-

1016 2374 1164 2416 evasere
1186 2367 1248 2403 ubi
1268 2380 1300 2405 v.
1319 2367 1419 2403 Cort.

1062 2438 1171 2471 pater·
1187 2437 1224 2462 ec
1242 2436 1361 2461 mater
1379 2426 1518 2460 mor-eui
1525 2424 1541 2468 J
1588 2437 1687 2459 mor-

1018 2484 1076 2518 tui
1114 2483 1152 2517 in
1191 2475 1396 2516 masculino
1433 2491 1561 2525 genere
1594 2479 1687 2513 dixit

1016 2552 1094 2573 non
1123 2548 1307 2577 mortuae,
1342 2547 1382 2571 ut
1403 2536 1593 2571 Livsxxl.
1625 2544 1683 2576 50.

1016 2610 1087 2631 rex
1117 2599 1291 2643 regiaque
1317 2594 1443 2640 claffis
1469 2606 1543 2630 una
1560 2593 1686 2638 profe-

1015 2656 1069 2688 cti
1086 2664 1122 2688 ec
1133 2653 1194 2697 fic
1213 2663 1356 2688 centum
1375 2652 1458 2686 alii.
