1812 3100
547 163 686 207 Αοτ.
722 161 773 207 ΙΙ.

851 158 1025 208 S'cnx.
1066 161 1121 208 11.
1455 122 1544 208 185i

20 291 67 343 s
110 279 393 366 Vocabitl’ass
423 293 626 364 paraliti
653 293 831 344 itidem·
849 290 975 358 *)·86)
998 307 1058 344 ut
1075 293 1351 344 Gnatonici
1372 296 1435 356 87)
1466 285 1550 345 vo-

477 381 568 414 CeD
575 377 669 412 tur.

24 418 58 467 ἶ
115 435 253 489 PAR.
281 438 345 498 8⁸)
389 431 549 482 Viden
588 432 751 481 otium
782 443 834 479 et
862 428 1007 479 cibus
1045 429 1171 497 quid
1204 429 1324 479 facit
1349 432 1390 493 **)
1436 429 1550 481 alie-

474 503 612 550 nus?
681 502 790 549 GN.
825 498 923 549 Sed
950 516 1043 564 ego
1065 498 1190 547 cesso
1212 504 1273 560 89)

20 561 195 628 35Αά
215 569 468 621 Thaidem
490 568 622 618 hanc
642 572 706 629 9⁰)
744 566 1017 625 deducere,
1062 581 1113 616 et
1138 584 1316 633 rogare
1351 565 1416 617 ad
1441 584 1552 617 coe-

56 674 57 677 =
474 655 592 686 nam
619 649 678 686 ut
699 636 904 685 veniat?
925 637 965 697 *)

63 708 214 760 Sed
262 711 628 758 Parmenonem
672 718 790 753 ante
850 704 1032 753 ostium
1087 701 1304 753 Thaidis
1364 705 1552 753 tristem

476 773 638 825 video.

34 845 40 851 ’
113 841 302 897 Rivalis
322 846 387 906 9¹)
421 843 627 892 servum.
667 838 844 891 Salva
865 856 946 888 res
968 840 1049 889 eft.
1113 811 1369 889 Nimirum
1393 839 1549 890 homi

448 927 566 960 nes
592 910 784 975 frigent.
806 909 872 967 9²)

110 981 435 1035 Nebulonem
463 978 603 1028 hunc
630 983 692 1037 93)
732 990 926 1026 certum
961 976 1030 1025 est
1064 974 1268 1025 eludeie
1300 978 1339 1036 *)
1410 978 1564 1027 PAR·

72 1064 78 1070 ·
473 1048 620 1096 Hisce
642 1049 703 1106 **)
735 1049 795 1095 94)
832 1044 930 1093 hoc
964 1062 1171 1092 munere
1204 1044 1517 1093 arbitrantur

114 1122 268 1170 Suam
296 1113 550 1165 Thaidem
579 1112 684 1163 effe.

474 1200 664 1232 nonem

765 1115 875 1162 GN.
909 1110 1133 1161 Plurima
1164 1110 1321 1161 salute
1350 1115 1549 1163 Parme-

16 1259 102 1320 48
109 1257 370 1309 Summum
382 1256 445 1312 95)
477 1251 620 1299 suum
644 1245 938 1315 1mpert1t95)
976 1246 1195 1297 Gnatho.
1206 1252 1270 1309 97)
1300 1248 1425 1316 quid
1447 1250 1548 1316 agi-

471 1322 590 1370 tur‘?
657 1319 792 1367 PAR.
826 1319 1011 1368 Statur.

1081 1320 1190 1367 GN.
1222 1317 1393 1367 VideO.

147 1468 152 1473 ’
171 1467 209 1518 ⁴¹)
226 1470 284 1504 ed.
296 1467 383 1503 item
411 1465 472 1508 86)
483 1462 647 1499 [imiliter
675 1467 734 1508 87)
757 1475 871 1498 amco
884 1463 1036 1498 nomine
1065 1467 1129 1506 38)
1142 1462 1261 1498 secum
1310 1462 1414 1503 )ed.
1427 1461 1543 1498 faciat

217 1529 284 1571 89)
290 1523 394 1560 tardo
433 1525 496 1568 90)
507 1520 667 1568 puellam
706 1520 741 1562 )
753 1520 909 1567 signum
929 1523 1112 1569 interrog.
1132 1514 1224 1559 edic.
1247 1522 1409 1557 deletum
1429 1524 1480 1567 esc
1499 1523 1542 1557 ὶη

219 1584 302 1619 cod.
347 1580 422 1632 91)
437 1577 625 1614 Phedriae.
667 1577 806 1612 Rivalis
834 1576 968 1612 dicitur
988 1577 1050 1624 qui
1073 1591 1116 1612 ex
1136 1578 1265 1613 eodem
1285 1577 1386 1612 fonte
1409 1577 1542 1612 amoris

217 1649 323 1687 potat
366 1636 462 1684 92)’
453 1649 477 1670 ι.
497 1648 528 1671 e.
551 1633 686 1670 cessant
730 1637 791 1679 93)
819 1634 857 1668 in
878 1633 988 1675 domo
1006 1633 1166 1670 Thaidis
1183 1634 1332 1670 stultum
1349 1635 1546 1669 Parmeno-

215 1709 312 1733 nem.
336 1693 475 1730 nebulo
490 1690 660 1730 mendax,
685 1690 746 1725 {ed
766 1690 828 1725 hic
847 1705 913 1738 pro
932 1692 1042 1727 stulto
1062 1693 1239 1739 accipitur
1284 1692 1321 1738 ⁴¹)
1340 1693 1429 1728 edic.
1442 1690 1545 1726 lude-

216 1768 256 1791 re
300 1754 348 1795 ⁴⁴)
367 1754 459 1789 edic.
480 1749 583 1786 haec.
612 1753 654 1784 In
667 1751 744 1784 MS.
765 1750 900 1785 literae
918 1748 942 1783 h
954 1752 1208 1797 superscripta
1227 1750 1277 1794 efi
1286 1750 1426 1795 figura
1444 1750 1543 1795 'affii-

217 1803 383 1851 rationis
400 1810 519 1846 index
565 1805 708 1853 94Jisti
755 1810 816 1853 95)
842 1806 1002 1841 amicum
1049 1807 1116 1853 90)
1134 1805 1264 1843 salutat
1310 1811 1370 1854 97)
1394 1818 1475 1852 ego.

109 1980 225 2018 Deor.
250 1981 280 2020 I.
311 1993 344 2028 7.
372 1993 449 2018 tres
475 1982 591 2017 trium
622 1978 789 2024 discipli-

111 2052 245 2090 »ummq
299 2040 489 2084 principes
547 2037 787 2081 convenistis.

111 2096 278 2132 lactant.
306 2095 353 2134 H.
378 2102 414 2136 8.
439 2104 482 2129 ut
513 2097 696 2140 Epicurus
725 2108 789 2129 no-

111 2154 210 2190 mine
233 2155 305 2199 suo
347 2151 585 2195 constitueret
625 2151 790 2197 discipli-

19 2216 21 2221 '
60 2228 93 2258 s„
110 2207 340 2250 nam.Bentl.
363 2220 384 2242 e
398 2205 482 2243 ΜΠ.
500 2207 589 2254 legit
609 2219 789 2255 tanquam

110 2259 412 2313 philosbphorum
445 2263 582 2301 habent
614 2266 790 2313 dzsstipuli

111 2337 163 2360 ex
186 2322 280 2368 ipsis
304 2323 493 2358 vocabula
522 2320 622 2369 quod
650 2321 788 2370 praeie-

113 2378 268 2417 tendum
290 2377 445 2413 videtur.

160 2443 218 2482 37.
239 2434 404 2482 frigent]
448 2433 487 2481 h„
509 2446 541 2468 e.
564 2446 691 2481 parum
712 2446 789 2480 gra-

18 2497 22 2505 '
78 2526 87 2536 ,
114 2491 170 2529 tia
200 2491 341 2531 valent,
386 2501 426 2526 ut
460 2490 584 2536 vigens
620 2502 718 2526 amor
752 2501 789 2527 et

115 2548 231 2596 gratia
248 2547 359 2584 calori
373 2573 384 2588 ,
422 2546 470 2582 [ic
487 2546 614 2581 eadem
642 2547 790 2593 langue-

117 2604 216 2641 scent
245 2616 281 2641 ot
307 2603 448 2639 remiffa
474 2604 598 2650 frigori
623 2603 790 2639 affimila-

116 2672 186 2699 tur.
204 2663 292 2699 Hor.
311 2662 423 2697 Serm.
445 2663 490 2696 11.
517 2674 545 2695 ι.
564 2662 621 2696 61.
642 2678 685 2698 nc
705 2665 790 2710 quis

119 2721 257 2754 amicus
264 2719 420 2765 frigore
434 2731 470 2755 te
477 2720 604 2764 fer-iac
617 2719 640 2753 i.
663 2732 693 2753 e.
715 2731 791 2765 gra-

81 2800 83 2802 -
118 2774 210 2811 tiam
232 2786 331 2811 tuam
352 2775 565 2821 exstinguat.
582 2775 732 2813 Sueten.
751 2775 791 2810 in

864 1979 956 2024 Aug.
985 1990 1016 2013 c.
1046 1976 1103 2013 66.
1132 1991 1183 2013 ex
1203 1979 1284 2014 levi
1298 1978 1544 2023 frigor-issu-

855 2038 1048 2084 spicione.
1097 2034 1160 2069 ubi
1188 2034 1261 2070 vid.
1298 2034 1447 2080 interpr.
1481 2032 1542 2067 Sic

865 2093 946 2139 lege
968 2101 1023 2135 32.
1049 2094 1080 2137 S.
1106 2105 1159 2127 12.
1206 2090 1381 2127 Pandect.
1410 2089 1456 2124 de
1479 2088 1543 2124 do-

864 2150 1079 2196 nationibus
1113 2147 1208 2184 int'er
1241 2149 1356 2184 virum
1391 2157 1428 2182 et
1454 2158 1543 2181 uxo-

863 2221 963 2248 rem,
995 2208 1256 2254 frigusculum
1283 2205 1333 2241 est
1362 2216 1463 2238 amor
1488 2216 1542 2238 re·

863 2264 989 2301 misius
1026 2265 1121 2299 inter
1153 2263 1266 2298 virum
1301 2271 1337 2296 et
1379 2273 1541 2300 uxorem,

865 2323 911 2359 de
934 2335 1006 2371 qua
1025 2335 1113 2356 voce
1131 2334 1162 2355 v.
1181 2321 1318 2355 Duker.
1338 2317 1384 2353 de
1405 2316 1541 2353 latinit.

862 2392 973 2416 veter.
1029 2376 1320 2415 Iurisconsultor.
1370 2389 1407 2423 p.
1458 2380 1542 2418 405.

863 2437 925 2473 Sic
946 2439 1099 2483 frigere
1126 2435 1235 2470 etiam
1263 2433 1435 2468 dicuntur
1463 2443 1542 2466 ora·

864 2506 972 2535 tores,
992 2492 1119 2528 munci
1140 2503 1175 2526 et
1195 2502 1352 2529 actores,
1382 2489 1444 2538 qui
1463 2501 1545 2523 non·

864 2552 1013 2600 placent
1044 2548 1292 2586 audientibus.
1322 2560 1355 2582 v.
1384 2546 1464 2583 Cic.
1500 2545 1541 2580 in

864 2609 976 2644 Bruto
1005 2621 1034 2646 c.
1054 2617 1112 2651 50.

912 2671 970 2708 4ο.
1005 2668 1189 2712 summum
1210 2662 1343 2709 suum]
1405 2659 1543 2695 Icilicet

868 2722 1039 2756 amicum.
1097 2718 1234 2755 Eadem
1263 2717 1382 2765 eliplis
1411 2718 1450 2752 iu
1472 2715 1541 2752 Ad.

865 2779 929 2813 111.
947 2790 981 2813 2.
1004 2783 1063 2823 54.
