1760 3086
228 165 291 202 20
657 147 660 151 '
778 143 1081 195 ANDRIA.

228 284 412 331 Eorum
435 278 644 345 obsequi
665 275 860 327 studiis:
890 277 1126 327 adversus
1152 278 1350 327 nemini.
1372 279 1435 339 95)

229 352 510 414 Nunquam
540 349 584 393 fe
614 363 929 411 praeponens
959 345 1079 403 illis,
1125 347 1198 394 ita
1228 360 1287 395 ut
1316 347 1376 408 **)
1409 341 1643 403 facillime

230 416 347 466 Sine
365 413 552 464 invidia
570 411 771 462 laudem
794 414 1037 467 invenias,
1055 410 1117 474 96)
1147 427 1199 462 et
1226 414 1606 479 amicospares.

154 496 212 546 4ο
227 485 319 534 So,
350 481 609 547 Sapienter
635 481 790 531 vitam
826 481 1048 529 instituit.
1077 486 1139 543 97)
1186 481 1419 548 Namque
1444 485 1506 543 9⁸)
1540 477 1640 529 hoc

813 563 1036 614 tempore
1354 569 1365 581 ·

227 615 533 681 Obsequium
554 619 618 676 99)
655 616 868 673 amicos,
910 617 1096 664 veritas
1120 614 1291 664 odium
1309 609 1461 681 parit.
1644 668 1646 671 ,

224 687 287 732 SI.
320 687 510 730 Interea
534 681 718 730 mulier
740 680 988 748 quaedam
1021 689 1053 742 ¹)
1089 680 1274 730 abhinc
1303 674 1574 732 triennium}
1599 684 1638 742 ²)

219 754 290 797 Ex
309 748 479 797 Andro
507 748 545 807 3)
581 749 927 814 commigravit
947 748 1070 797 huic
1091 750 1318 807 viciniae,

219 819 398 882 Inopia
420 830 470 866 et
495 829 826 880 cognatorum
858 815 1159 880 negligentia
1401 850 1418 864 .

146 895 203 945 45
218 887 429 944 Coacta,
467 884 663 949 egregia
681 883 864 942 forma,
902 896 1056 950 atque
1085 894 1247 931 aetate
1269 883 1475 948 integra.
1498 883 1538 943 ⁴)

254 1020 343 1069 ’95)
367 1032 441 1056 erat
485 1021 537 1066 *'‘)
563 1022 664 1057 Edit.
689 1023 815 1057 omitt.
845 1030 887 1055 ut
944 1020 1008 1065 96)
1035 1020 1070 1054 in
1104 1019 1176 1054 illis
1204 1017 1276 1052 hoe
1304 1017 1354 1052 est
1380 1017 1442 1064 qui
1470 1017 1508 1052 in
1534 1017 1638 1053 nullo

298 1114 302 1118 ⁴
326 1077 360 1112 se
390 1077 595 1123 praeferunt
642 1077 707 1121 97)
732 1076 796 1111 ille
823 1087 906 1111 tuus
934 1075 1029 1110 filius
1074 1076 1138 1121 98)
1163 1074 1391 1123 proverbium
1437 1077 1503 1126 99)
1527 1073 1640 1110 esseu—

323 1133 415 1168 mio
435 1131 489 1166 vel
507 1131 687 1167 fimulatio
740 1133 777 1178 ι)
804 1131 945 1178 Chrysis
978 1131 1034 1176 ·2)
1059 1142 1153 1165 retro
1174 1142 1243 1166 tres
1271 1143 1385 1165 annos
1405 1142 1441 1180 et
1468 1131 1518 1167 est
1538 1143 1639 1179 prae·
1665 1151 1667 1153 >

323 1189 469 1224 teritum
516 1188 557 1234 3)
584 1188 699 1224 insula
721 1189 945 1231 Graecorum
990 1189 1032 1234 4)
1060 1187 1197 1223 adulta.

218 1357 380 1403 Quintus
403 1356 482 1391 Cic.
503 1355 548 1390 de
578 1356 682 1402 petit.
712 1354 886 1391 consulat.

218 1426 250 1448 c.
275 1427 306 1449 ι.
337 1417 400 1450 illi
423 1418 458 1458 se
486 1414 712 1449 dediderunt
731 1432 776 1441 —
794 1415 888 1460 defi-

216 1484 306 1507 runc
324 1483 500 1507 caeter-os.-
547 1468 686 1503 Eodem
713 1467 812 1503 sensu
834 1469 890 1515 di·

218 1539 348 1564 cuntur
380 1527 414 1562 Ie
437 1526 541 1565 dare,
569 1524 602 1559 se
633 1526 802 1571 praebere
825 1525 888 1559 ali-

180 1615 184 1621 ,
217 1584 288 1618 cui.
322 1597 353 1618 v.
392 1583 475 1629 Joh5
505 1581 695 1627 Schulting
727 1580 774 1615 ad
799 1582 883 1616 Sen-

216 1639 428 1686 controveri'.
449 1639 581 1686 primas
602 1652 637 1685 p.
657 1640 715 1684 69.

260 1705 320 1742 39.
353 1696 553 1739 invenias]
619 1698 790 1731 invenire
817 1693 886 1728 ele-

214 1752 418 1799 gantiffime
450 1753 597 1799 ponitur
624 1764 688 1796 pro
726 1749 886 1796 acquire·

157 1836 159 1838 v
213 1822 274 1848 re,
304 1808 496 1856 consequi,
524 1805 674 1853 adipisci
707 1817 748 1841 ut
786 1804 883 1852 apud

216 1864 377 1899 Graecos
406 1860 585 1913 εὑρίσκειν
610 1863 647 1895 in
668 1860 797 1894 Heaut.
817 1859 883 1893 IV.

215 1931 248 1964 7·
285 1925 337 1960 ¹3·
369 1918 497 1952 labore
533 1918 689 1950 inventa
717 1926 794 1947 meo
825 1914 887 1946 cui

214 1977 297 2011 dem
331 1975 428 2009 hona
459 1972 585 2006 Justin.
620 1970 698 2003 XII.
733 1976 767 2009 8.
804 1981 886 2015 cnm

211 2029 361 2068 veniam
380 2031 428 2064 ab
447 2028 546 2075 hoste
573 2027 793 2072 invemsl‘lbnc
820 2023 884 2058 ubi

211 2101 245 2124 v,
270 2086 476 2122 Graevium.

256 2149 314 2187 41.
360 2141 589 2190 obsequium]
660 2137 883 2184 Quinctilia-

210 2213 280 2236 nus
298 2200 395 2234 VIII.
425 2206 458 2240 3.
487 2211 525 2247 p.
549 2203 626 2238 375.
655 2207 810 2242 eumque
835 2193 885 2228 se-

212 2266 316 2295 cutus
344 2255 511 2289 Donatus
547 2252 638 2286 dicit
665 2251 881 2285 Ciceronem

212 2310 446 2350 existimasse,
481 2322 500 2343 a
520 2307 694 2348 Terentio
723 2306 879 2354 primum

212 2367 351 2403 dictum
372 2366 440 2402 effe
464 2365 696 2412 obsequium
731 2362 790 2397 [ed
817 2362 881 2397 ali-

156 2462 160 2467 ,
209 2435 264 2460 ter
287 2424 502 2461 Ciceronem
525 2422 569 2456 de
590 2418 749 2453 amicitia
774 2432 803 2455 c.
822 2424 879 2463 24.

211 2494 318 2529 quem
338 2480 459 2517 locum
474 2476 746 2524 Quinctilianus
769 2474 881 2522 respe-

208 2538 281 2577 xit,
322 2534 599 2581 intelligendum
627 2531 777 2566 esse·res
804 2531 880 2579 ipsa

207 2593 381 2640 loquitur.
410 2605 443 2629 v.
464 2592 615 2626 Gesner.
644 2587 689 2622 ad
714 2588 881 2635 Quincti-

206 2651 297 2686 lian.
316 2649 340 2685 l.
361 2661 393 2683 c.

241 2712 308 2752 42.
349 2706 489 2740 mulier-
515 2701 723 2750 quaedam]
787 2697 880 2735 dixit

965 1357 1144 1404 quaedam
1165 1364 1205 1389 ut
1225 1364 1444 1389 contemtum
1462 1353 1636 1399 fignifica-

965 1424 1018 1447 ret
1045 1413 1084 1446 in
1113 1411 1180 1446 Ad.
1213 1412 1278 1446 IV.
1307 1420 1340 1452 5.
1374 1419 1427 1454 13.
1462 1407 1650 1449 habitant·

964 1466 1219 1516 hio-'quaedam
1238 1470 1409 1503 mulieres
1428 1481 1633 1513 paupercu—

964 1530 1025 1563 lae
1053 1539 1084 1559 v.
1108 1523 1231 1560 Heins.
1263 1524 1309 1557 ad
1337 1523 1466 1570 vellej.
1495 1526 1632 1561 Patere.

960 1586 1006 1618 ll.
1029 1584 1085 1626 64.
1641 1615 1644 1618 .

1005 1647 1061 1682 43.
1092 1638 1176 1673 huic
1204 1632 1391 1680 ‘'viciniae]
1452 1631 1636 1681 eleganter

963 1694 1094 1729 dicitur
1127 1706 1190 1740 pro
1219 1694 1257 1726 in
1295 1692 1455 1738 proxima
1485 1693 1630 1730 vicinia.

961 1752 1107 1784 Terent.
1130 1749 1166 1782 in
1189 1747 1332 1782 Phorm.
1354 1749 1381 1782 1.
1401 1755 1499 1791 243.
1522 1753 1631 1787 modo

961 1807 1147 1855 quandam
1164 1807 1352 1851 virginem
1369 1805 1457 1840 vidi
1465 1804 1634 1843 hiavit-1·-

961 1866 1056 1898 niae.
1085 1874 1115 1894 v.
1139 1860 1257 1894 Bentl.
1289 1860 1334 1894 ad
1357 1860 1393 1894 h.
1415 1861 1441 1896 l.

1006 1924 1063 1960 44.
1098 1928 1345 1963 cognatorum
1374 1921 1629 1966 negligentia]

962 1973 1177 2017 intelligitur
1189 1973 1381 2017 exlegibus
1393 1976 1520 2010 Atticis
1538 1990 1631 2023 quae

963 2030 1145 2078 proximos
1175 2039 1209 2062 et
1235 2028 1426 2065 ditiffimos
1457 2044 1630 2077 cognatos

961 2086 1135 2120 iubebant
1164 2097 1353 2131 cognatam
1391 2087 1539 2134 inopem
1574 2091 1630 2125 vel

962 2142 1091 2176 ducere
1111 2155 1258 2176 uxorem
1280 2143 1332 2176 vel
1354 2143 1486 2183 dotare.
1501 2156 1540 2180 ut
1558 2160 1632 2182 ma-

958 2200 1066 2234 ritum
1088 2198 1274 2233 inveniret.
1304 2212 1335 2233 v.
1368 2199 1405 2233 in
1424 2199 1493 2238 Ad.
1513 2202 1577 2238 IV.
1597 2213 1630 2247 5,

962 2258 1002 2290 ι6
1021 2276 1064 2281 -
1087 2264 1138 2296 ¹8·
1158 2264 1192 2288 et
1207 2255 1305 2290 Sam.
1326 2256 1433 2292 Petit.
1453 2256 1498 2292 de
1517 2258 1627 2306 legib.

959 2326 996 2359 Pa
1019 2321 1096 2357 359·

1002 2374 1059 2410 45.
1085 2377 1209 2402 aetate
1224 2368 1397 2414 integra]
1446 2379 1543 2405 aetas
1575 2371 1629 2407 in-

957 2434 1077 2468 tegra.
1103 2434 1142 2457 ut
1176 2433 1272 2457 recte
1307 2423 1464 2475 explicat
1503 2426 1629 2462 Dona-

956 2490 1033 2518 tus,
1061 2479 1096 2513 in
1117 2479 1202 2514 ssore
1230 2480 1443 2521 constituta,
1475 2483 1546 2518 cui'
1567 2498 1628 2519 ne-

958 2550 1027 2583 que
1066 2535 1275 2572 addendum
1310 2549 1374 2584 par
1406 2535 1469 2577 fit,
1507 2552 1626 2587 neque

958 2593 1155 2639 quidquam
1186 2593 1305 2627 adhuc
1322 2593 1364 2627 fit
1380 2593 1624 2637 imminutum.

957 2650 992 2682 in
1020 2651 1108 2686 Eun.
1134 2652 1194 2683 111.
1217 2663 1247 2685 2.
1271 2663 1325 2684 20.
1347 2665 1457 2691 quum
1474 2654 1626 2690 liberali

954 2711 1071 2746 faeie.
1098 2721 1207 2758 quam
1228 2718 1352 2744 aetate
1370 2710 1518 2759 integra
1539 2712 1624 2750 Sue-
