1722 3100
1492 0 1554 22 Qoe'
1564 0 1593 13 av·
1648 0 1663 18 ·‚†

1672 58 1675 67 ι

1464 154 1471 162 x
1663 0 1722 183 Ἡ

231 208 288 247 P.
311 215 387 250 181.
408 208 447 262 {n
464 218 489 245 t.
510 221 543 244 v,
562 211 620 253 36.
640 227 712 259 pro
736 238 746 249 .
770 221 909 262 pone.)

245 254 285 290 P.
310 262 383 297 185.
407 268 444 307 [u
464 265 490 290 t.
513 268 543 292 v,
563 265 619 300 55.
639 273 827 305 praepone
844 263 933 300 GN.

245 301 286 335 P.
318 309 393 346 195.
407 314 452 354 ,ιιι
473 310 498 336 t.
518 314 549 335 v·
570 315 629 348 9⁰·
651 307 733 343 dele
753 309 854 342 PAR.

243 346 284 381 P.
303 359 382 381 20¹.
405 358 443 400 3¹¹
464 356 490 381 t.
513 360 542 381 v.
562 357 620 391 43.
639 365 708 393 pro
731 353 943 390 metuebant
959 358 987 391 l.
1009 358 1233 396 metuebant.
1482 351 1496 379 ζ’

242 393 283 426 Ρ.
306 401 384 433 203.
402 405 441 445 Jn
463 402 490 426 t.
510 406 543 428 ν.
562 403 596 437 5.
617 398 670 432 ad
690 398 805 433 THR.
825 403 866 436 in
884 404 984 437 notis
1001 405 1166 447 adscribe
1181 408 1273 446 edit.
1290 411 1482 454 praeferre
1502 411 1590 450 GN.

241 439 281 473 P.
301 447 380 481 205.
399 451 437 472 m
450 449 534 496 unet.
557 441 620 498 7¹>
642 444 845 490 quomodo,
891 449 1019 485 Adde.-
1043 450 1133 487 haec
1149 465 1244 490 noca
1259 455 1475 506 adsequens
1490 458 1553 507 qui
1568 473 1653 504 pet·-

426 496 545 522 cznere
561 488 726 524 vzdecur.

238 529 276 564 Ρ.
298 530 376 565 206.
399 529 437 583 {n
458 540 485 565 t.
507 544 538 570 v.
557 534 614 575 46.
632 547 703 580 pro
726 535 759 575 ⁴>
778 547 887 582 pone.
906 537 952 578 ⁴¹⁴¹)

236 577 278 610 P.
298 588 437 630 2103111
458 586 484 613 t.
504 576 530 611 l.
549 590 634 623 pen.
653 595 724 625 pro
746 581 809 626 24)
826 585 852 620 l.
872 583 952 629 25),

235 642 283 652 -.
306 642 352 650 —
378 635 417 675 ¹¹.¹
435 632 511 657 not.
530 628 590 665 21)
607 640 677 671 pro
704 626 848 670 Pythias
870 632 896 667 l.
917 628 1048 667 Thais.

234 671 276 705 P.
297 675 379 713 214.
403 681 440 721 1η
459 679 485 703 t.
512 680 545 703 v.
565 679 621 713 25.
644 673 703 708 Ad
713 674 833 717 finem
851 675 973 719 pone?

234 717 276 751 P.
302 723 380 758 ²¹5·
401 727 441 767 ,²¹¹
467 724 493 750 t.
513 727 544 771 y.
564 724 623 758 5ο.
649 731 837 763 praepone
859 721 940 755 CH.
1183 742 1200 748 ν

234 762 275 797 Ρ.
294 773 378 798 220.
398 764 717 852 :gs-igignizffipofi
734 767 799 810 57)
817 780 914 811 pone
927 768 958 810 ⁴⁸)
974 780 1057 805 eum
1071 767 1272 813 hae-noea:
1293 772 1544 817 ediatendne
1560 776 1649 813 inde

582 822 603 843 u
645 836 655 846 ι

233 853 274 887 Ρ.
295 857 374 896 254.
391 862 471 905 pot.
490 857 550 896 25)
570 869 641 899 pro
661 853 711 890 est
729 857 757 891 l.
777 853 864 891 esto.
1484 854 1490 859 ’

231 899 273 936 Ρ.
292 899 370 940 256.
389 911 426 933 m
447 908 474 933 t.
494 911 527 933 v.
546 907 604 943 24.
624 913 812 947 praepone
834 901 950 938 THR.

230 945 272 980 P.
291 953 369 986 238.
390 945 430 979 in
448 955 472 979 t.
494 957 525 979 v.
548 953 605 988 38.
624 961 695 993 pro
724 948 807 982 TH.
828 951 855 986 l.
874 949 991 984 THR.

229 990 271 1027 P.
293 997 372 1035 242.
395 990 434 1025 in
455 1001 530 1026 not.
554 1000 599 1038 39
609 993 649 1038 a)
677 992 733 1027 vel
752 993 925 1031 occidito,
974 997 1105 1033 Adde:
1146 997 1199 1034 vel
1220 998 1256 1035 Ῐι.
1277 1002 1305 1038 I.
1325 1014 1398 1042 non
1413 1002 1558 1042 indicae
1575 1015 1645 1042 vl·
1716 1020 1722 1024 ·

393 1040 508 1090 ,riam
527 1038 722 1092 lectionem
733 1041 806 1086 sed
825 1042 980 1092 denotat
1000 1043 1130 1084 etiam,
1157 1044 1272 1091 [ogar.

230 1085 268 1120 P.
291 1088 370 1127 248.
392 1096 431 1117 1n
449 1093 475 1118 t.
497 1095 529 1117 v.
549 1090 584 1127 4.
602 1099 671 1130 pro
695 1098 734 1120 m
751 1088 779 1121 l.
802 1098 836 1120 ει

227 1146 276 1154 -
301 1148 347 1156 --
371 1129 411 1182 iq
438 1139 515 1166 not.
539 1138 592 1171 18.
617 1135 876 1183 post-mentem
897 1133 995 1168 adde
1011 1146 1187 1178 punctum
1204 1146 1240 1172 et
1258 1135 1402 1182 inser-e.-
1435 1137 1485 1185 (l.
1507 1139 1644 1186 mente)

231 1177 272 1210 P.
290 1183 370 1218 258.
392 1188 431 1210 m
451 1184 528 1210 not.
552 1175 591 1222 *)
608 1191 679 1222 pro
699 1188 840 1224 meptns
860 1180 889 1213 l.
911 1178 1087 1227 inceptae.

230 1223 271 1256 P.
293 1223 371 1263 263.
392 1221 431 1256 in
451 1231 476 1256 t.
506 1233 539 1255 v.
563 1229 619 1264 38.
637 1236 707 1268 pro
729 1224 811 1258 TH.
831 1225 858 1259 t.
879 1224 957 1261 PH.

228 1268 270 1303 P.
290 1268 369 1310 265.
390 1267 429 1303 in
450 1277 476 1303 t.
498 1280 530 1302 V.
547 1276 607 1311 55.
627 1277 814 1314 praeepone
834 1269 910 1306 PH.

227 1331 276 1338 —
300 1334 345 1340 -
363 1313 399 1347 in
418 1324 443 1349 t.
462 1327 493 1348 v.
513 1320 570 1358 54.
590 1315 672 1351 dele
697 1339 709 1350 .
735 1318 816 1361 post:
834 1329 999 1362 gregem.

226 1361 268 1397 P.
287 1367 365 1405 275.
391 1360 428 1395 in
449 1370 474 1395 t.
494 1372 527 1394 v.
547 1368 603 1403 48.
625 1375 696 1406 pro
724 1362 790 1407 85)
809 1361 963 1408 pretium
982 1363 1010 1398 l.
1029 1361 1185 1410 pretium
1204 1367 1276 1408 85).
1301 1375 1391 1402 nota
1411 1365 1476 1412 86)
1502 1369 1640 1414 optime

401 1408 452 1442 ad
472 1418 573 1441 avare
597 1408 735 1452 referri
751 1410 883 1453 potest.

226 1454 267 1489 Ρ.
281 1462 368 1497 280.
391 1453 430 1487 iu
451 1462 477 1487 t.
497 1465 527 1486 v.
544 1461 601 1496 57.
619 1468 688 1498 pro
709 1452 773 1498 55)
789 1460 885 1499 pone
903 1454 976 1495 53).

226 1519 274 1529 -ο
295 1518 342 1528 -υ-
365 1499 469 1583 inlu·
485 1512 517 1533 v.
536 1499 593 1543 67.
617 1513 687 1543 pro
707 1508 744 1535 et
759 1497 787 1535 fi
805 1502 833 1536 l.
852 1497 925 1535 Etfi
947 1502 1140 1547 praeszJo
1157 1513 1315 1545 puncto.
1338 1515 1408 1548 pro
1426 1499 1639 1552 incoeptum

430 1572 438 1581 .
459 1560 540 1582 mee
571 1557 662 1582 tum.

225 1596 265 1630 P.
285 1602 367 1637 28¹·
391 1593 431 1627 in
458 1603 484 1630 t.
503 1560 622 1636 ν.Ρ84.
650 1595 731 1639 post
750 1590 882 1626 faciam
902 1604 998 1634 pone
1013 1603 1192 1638 punctum
1219 1604 1329 1631 notae
1349 1598 1410 1641 84)
1426 1610 1634 1644 praepone.-

404 1639 440 1683 *)
459 1641 548 1675 edit.
567 1642 676 1682 ponit
694 1651 838 1674 comma
855 1651 924 1680 pro
940 1650 1091 1681 puncto.

220 1689 263 1724 P.
284 1696 363 1730 282.
382 1687 423 1722 in
435 1698 512 1722 not.
530 1688 594 1733 85)
602 1689 684 1733 post
706 1698 812 1733 parce
830 1687 930 1721 adde
948 1685 1082 1722 vivens.

220 1735 261 1771 P.
281 1743 360 1777 285.
380 1734 420 1768 in
439 1744 517 1769 not.
534 1741 566 1776 5.
582 1747 652 1778 pro
671 1743 791 1767 earum
810 1734 837 1767 l.
858 1742 992 1765 carum.

218 1782 261 1815 P.
280 1787 359 1824 284.
377 1793 410 1818 v.
432 1787 507 1822 115.
524 1793 594 1825 pro
614 1777 761 1813 excuffit
782 1780 808 1816 I.
832 1775 992 1812 excuffit.

218 1828 260 1861 P.
278 1834 358 1869 288.
384 1826 424 1859 in
443 1835 521 1859 not.
541 1828 600 1866 81)
618 1838 687 1868 pro
711 1821 828 1870 potest
844 1824 872 1858 l.
891 1832 1008 1869 potes.
1025 1852 1028 1855 .

217 1873 260 1907 P.
280 1880 360 1918 295.
379 1883 466 1907 ante
486 1882 562 1907 not.
575 1874 611 1912 5)
630 1881 750 1912 pone.-
776 1869 818 1912 2)
838 1866 1079 1914 Antiphilam.

218 1919 260 1953 P.
279 1926 359 1962 509.
380 1916 419 1950 in
437 1927 463 1951 t.
485 1929 516 1950 v.
534 1922 590 1959 42.
612 1929 682 1960 pro
704 1913 855 1949 ancillas
875 1916 902 1949 l.
923 1911 1087 1948 ancillas.

218 1976 257 2010 p.
276 1965 356 2006 316.
377 1966 458 2009 posc
476 1972 554 1996 not.
573 1965 630 2007 75)
649 1959 722 1995 seni
743 1960 862 1995 adde:
891 1959 920 1998 ⁴³)
937 1959 1027 1994 edic.
1047 1959 1196 1994 Iocone.

217 2011 258 2046 P.
276 2017 355 2052 518.
374 2009 412 2042 in
431 2018 457 2044 t.
483 2020 515 2042 v.
535 2012 570 2050 4.
591 2020 780 2042 numerum
807 2007 868 2050 99)
897 2004 1064 2046 adscribe
1086 2007 1176 2040 voci
1201 2003 1304 2039 adeo‘
1322 2013 1360 2041 et
1373 2005 1440 2057 99)
1465 2015 1570 2043 muta
1585 2007 1628 2042 in

402 2057 435 2095 1)
457 2063 492 2088 et
532 2054 570 2097 ι)
593 2056 634 2088 in
652 2064 673 2086 2
699 2063 810 2095 atque
829 2051 869 2096 2)
888 2050 996 2093 versu
1013 2058 1034 2091 5
1054 2050 1146 2086 dele.
1360 2061 1373 2069 >-

215 2100 256 2134 P.
275 2107 356 2145 519.
377 2100 415 2133 in
433 2109 510 2134 not.
530 2098 566 2142 ⁴⁸)
586 2100 677 2134 edic.
697 2098 789 2133 add.
810 2095 927 2130 times.
977 2098 1049 2131 Pro
1075 2095 1180 2130 times
1198 2095 1227 2131 l.
1246 2091 1349 2130 hinc.

213 2144 256 2181 P.
275 2154 357 2188 520.
381 2145 420 2179 in
442 2156 468 2180 t.
489 2158 521 2180 v.
543 2144 596 2179 16.
615 2157 684 2188 pro
705 2155 784 2177 cere
804 2144 831 2177 l.
851 2140 982 2175 facere.

213 2211 261 2218 —
286 2209 333 2216 —-
358 2190 396 2225 in
416 2196 500 2226 noni
510 2193 568 2234 54)
588 2204 657 2234 pro
676 2188 739 2236 qui
758 2200 833 2222 non
852 2189 878 2222 l.
899 2186 1000 2232 quin.

211 2238 253 2272 P.
275 2244 355 2283 527.
376 2236 456 2284 post
475 2246 552 2270 not.
575 2235 638 2280 78)
659 2234 773 2269 adde:
797 2235 888 2270 edic.
910 2231 1083 2269 Cliniam.

211 2284 252 2320 P.
273 2291 351 2326 528.
372 2296 403 2317 v.
421 2291 478 2325 51.
507 2296 577 2326 pro
602 2281 676 2315 hue
694 2283 721 2317 l.
741 2279 824 2315 hac.
1069 2321 1077 2328 ·

210 2330 252 2363 P.
271 2336 350 2371 555.
369 2327 450 2376 post
468 2338 543 2362 not.
560 2328 620 2370 65)
638 2327 674 2372 ⁴¹)
698 2340 766 2372 pro
788 2322 962 2370 Dionyfio
980 2324 1009 2357 l.
1029 2318 1217 2366 Dlonyfia.

210 2379 251 2416 P.
271 2381 351 2421 556.
370 2379 409 2413 ἰη
431 2389 457 2415 t.
479 2391 512 2413 v.
532 2390 589 2412 21.
614 2389 802 2422 praepone
820 2375 886 2411 SY.
909 2373 961 2424 τῷ
985 2374 1156 2420 Sequere.

209 2446 257 2455 —
279 2448 325 2455 —
351 2427 390 2462 in
410 2437 488 2462 not.
507 2429 572 2472 82)
596 2427 732 2462 seilicet
755 2436 823 2461 etc.
845 2440 914 2470 pro
936 2425 1001 2470 82)
1032 2426 1060 2460 l.
1086 2425 1163 2468 83).

208 2474 251 2508 P.
273 2479 354 2518 540.
374 2474 412 2508 in
433 2483 509 2508 not.
528 2473 592 2519 58)
613 2488 681 2518 pro
702 2473 740 2506 in
759 2470 929 2506 iustitiam
947 2473 974 2507 Z.
996 2467 1225 2504 iniustitiam.

207 2520 250 2555 P.
269 2526 347 2563 545.
370 2521 407 2553 in
427 2529 504 2557 not.
524 2519 604 2566 post
623 2523 681 2563 78)
703 2518 737 2563 *)
761 2532 827 2562 pro
846 2530 933 2551 num
951 2519 977 2552 l.
998 2527 1107 2550 nunc.

206 2565 248 2599 P.
269 2572 347 2609 545.
368 2566 407 2599 in
429 2575 507 2602 not.
526 2566 568 2610 2)
590 2569 673 2610 post
692 2576 813 2597 meum
832 2564 930 2599 adde
952 2562 999 2607 (l.
1018 2560 1140 2605 tuum)
1167 2603 1175 2611 ⁸

206 2610 248 2646 P.
266 2613 347 2656 546.
366 2611 405 2646 in
424 2621 451 2647 t.
472 2624 503 2650 v.
525 2618 581 2655 55.
602 2612 654 2647 ad
671 2609 804 2647 sciente
820 2620 986 2646 annoca:
1018 2608 1109 2644 edic.
1128 2605 1311 2642 [mentem.
