1812 3100
267 225 271 230 ι
311 147 319 152 '⁴
337 149 444 212 324
637 153 1465 206 HEAUTONT1M0RUMENOS.

344 291 392 336 Is
414 286 620 354 quicum
632 288 704 344 92)
739 293 834 352 e'x'p
838 284 959 335 ofita
977 292 1038 347 93)
1073 288 1141 337 est
1162 292 1336 356 gnata
1370 294 1468 340 CH.
1484 287 1626 358 Quia
1646 293 1755 344 vu‘lt
1807 320 1809 326 2

698 351 785 401 fibi
808 358 928 419 Syre
952 354 1075 404 haec
1100 359 1296 406 oratio?
1323 361 1386 419 94)
1809 404 1812 408 .

337 421 432 470 SO.
475 419 608 485 Quid
643 420 742 469 est?
786 422 896 470 isne
928 422 1020 470 tibi
1049 423 1278 473 videtur?
1308 431 1371 487 95)
1447 429 1619 476 NU-T.
1632 429 1756 478 Dixi
1810 486 1812 490 ¹

338 560 471 606 ‘Eum
493 555 595 604 esse.
663 489 1058 615 εῧἻΡᾸῗΘ9Τε)“Ῐίἒ
1087 492 1206 608 ἓξὲξ
1222 493 1757 637 Ξῗῧὲἀὲἓηὲἓῗηῖιω

698 622 757 672 fis
779 623 840 685 96)
875 643 983 672 mea
1001 628 1063 685 97)
1100 628 1280 676 nutrix.
1331 632 1453 686 NU.
1476 629 1620 679 Satis.

299 693 432 743 580.
463 690 558 740 Abi
577 693 831 740 nunciam
868 693 1026 750 intro,
1063 706 1216 760 atque
1238 688 1322 745 illa
1341 699 1406 756 98)
1450 690 1484 744 si
1506 696 1755 748 iamlave-

699 761 784 817 rit,
817 760 935 808 mihi
958 762 1148 809 nuntia.

344 827 445 876 Hic
479 834 570 897 ego'
605 827 769 877 virum
793 833 858 887 98·
850 828 886 888 Ἰ)
919 829 1110 876 inteiea
1140 829 1412 895 opperibor
1428 826 1494 891 99)
1558 817 1755 881 8Y.‘'1’e

698 913 744 944 v
735 894 819 944 sst-
849 895 887 958 ¹)
917 894 1089 945 videas
1114 898 1238 962 quid
1259 897 1388 947 velit.

340 963 521 1013 Nescio
553 961 679 1030 quid
708 964 856 1012 tlistis
882 967 919 1023 2)
965 964 1055 1019 est,
1108 981 1209 1012 non
1242 978 1426 1013 temere
1454 966 1562 1024 eft,
1581 978 1754 1016 metuo

697 1020 815 1097 quid
839 1029 906 1079 fit.
976 1001 1071 1097 CH.
1110 1031 1232 1098 quid
1250 1030 1369 1082 fiet?
1390 1036 1429 1092 3)

338 1100 418 1148 Ne
439 1098 527 1146 ista
552 1099 591 1157 4)
622 1051 789 1212 herdcle
822 1116 1003 1163 magno
1029 1099 1126 1147 iam
1148 1113 1336 1149 conatu
1359 1119 1565 1167 magnas
1581 1111 1752 1168 'nugas

732 1179 885 1214 lxerlt.
910 1172 932 1206 5

339 1234 433 1283 So.
467 1230 640 1292 Ehem,
669 1234 737 1280 mi
761 1231 800 1292 6)
839 1167 950 1283 vir.)
1013 1237 1110 1282 CH.
1154 1233 1329 1292 Ehem,
1386 1253 1497 1284 mea
1521 1243 1558 1298 7)
1611 1247 1753 1286 uxor.

696 1303 785 1350 SO
819 1305 895 1348 Te
926 1302 1084 1368 ipsum
1121 1320 1324 1369 quaero.
1392 1306 1490 1351 CH.
1521 1310 1754 1373 Loquere

735 1369 822 1416 uid
846 1368 979 1418 velis.

272 1458 321 1485 10
337 1437 426 1487 So,
450 1436 668 1502 Primum
692 1387 790 1484 ἕως
811 1452 860 1485 te
896 1455 1012 1495 010,
1046 1455 1108 1485 ne
1129 1436 1253 1503 quid
1280 1434 1456 1486 creda-s
1479 1453 1559 1487 me
1582 1436 1752 1488 adver.-

693 1505 795 1551 sum
819 1503 1036 1553 edictum
1058 1518 1203 1552 tuum
1755 1543 1758 1547 ,

338 1574 525 1621 Facere
557 1572 667 1621 esse
680 1572 858 1621 ausam.
928 1576 1026 1620 CH.
1063 1575 1148 1620 Vis
1169 1575 1207 1632 *)
1244 1590 1322 1619 me
1356 1528 1481 1625 istnc
1510 1571 1627 1630 tibi,
1668 1569 1753 1620 etfi

697 1638 1006 1688 incredibile
1009 1642 1097 1697 est,
1137 1639 1370 1688 credere³³

340 1704 512 1755 Credo.
582 1708 672 1756 SY.
697 1712 734 1768 8)
769 1707 947 1755 Nescio
995 1706 1117 1773 quid
1164 1707 1360 1780 peccati
1405 1718 1576 1773 portat
1625 1704 1751 1753 haec

696 1775 941 1839 purgatio.
967 1778 1006 1833 9)
1600 1793 1604 1798 ·

344 1842 435 1891 SO.
467 1841 768 1890 Meministin
791 1859 868 1889 me
888 1843 978 1890 else
997 1841 1273 1907 gravidam,
1310 1854 1360 1888 et
1381 1838 1501 1887 mihi
1522 1854 1571 1887 te
1600 1840 1751 1887 maxi-
1810 1867 1812 1874 ν

699 1926 781 1956 mo
807 1925 959 1974 opere
983 1884 1025 1969 ²¹⁸)
1061 1908 1436 1956 interminatum
1458 1909 1520 1968 **)

402 2063 469 2109 92)
488 2073 575 2097 cum
597 2074 669 2108 quo
715 2062 781 2108 93)
805 2056 1058 2097 co'mmendata
1077 2061 1122 2096 ad
1145 2060 1379 2096 nutriendum
1424 2060 1488 2106 94)
1511 2059 1688 2095 Sostratae
1708 2060 1755 2094 ad

450 2118 628 2153 nutricem
689 2119 754 2164 95)
781 2119 908 2153 anulus
938 2118 1035 2153 filiae
1090 2127 1133 2160 85
1150 2118 1189 2164 a)
1220 2117 1356 2153 scilicet
1383 2117 1466 2152 vide
1519 2119 1580 2163 96)
1605 2118 1755 2152 anulum

449 2173 566 2223 ipsum
585 2173 653 2209 ess'e
698 2175 764 2220 97)
803 2187 824 2209 ο
843 2187 923 2209 mea
977 2176 1043 2221 98)
1069 2175 1256 2222 Antiphlia
1311 2184 1358 2221 98
1369 2175 1408 2221 ι)
1434 2187 1552 2209 meum
1607 2174 1674 2221 99)
1699 2187 1755 2209 ex-

449 2228 603 2283 pectabe
654 2235 687 2272 1)
711 2244 732 2265 ο
753 2231 907 2267 Chreme
924 2232 1078 2267 Sostrata
1124 2233 1165 2278 2)
1184 2230 1340 2266 Sostrata
1385 2231 1426 2277 3)
1445 2229 1532 2278 quid
1551 2229 1594 2265 fit
1637 2230 1679 2276 4)
1693 2231 1756 2265 So-

450 2286 558 2322 strata
627 2288 669 2334 5)
698 2288 894 2323 videndum
924 2289 974 2324 est
1035 2289 1078 2335 6)
1105 2302 1127 2323 o
1156 2289 1205 2322 mi
1268 2288 1308 2333 7)
1333 2299 1355 2321 ο
1385 2298 1464 2321 mea
1520 2287 1556 2332 ⁴)
1580 2288 1670 2324 edic.
1693 2287 1753 2321 vin

449 2345 493 2389 8)
517 2343 635 2379 secum
681 2344 724 2391 9)
748 2358 818 2392 qua
841 2345 882 2380 se
901 2346 1056 2381 Sostrata
1076 2357 1164 2392 purg
1168 2355 1203 2379 at
1257 2345 1292 2385 ²¹)
1313 2345 1404 2380 edit.
1426 2343 1668 2391 maximopere
1685 2346 1753 2381 im-

448 2402 629 2446 probante
658 2404 777 2438 Benel.
835 2402 853 2422 ¹*
855 2401 893 2449 *)
915 2405 1006 2439 edic.
1027 2402 1146 2437 dicere
1163 2402 1344 2448 probante
1364 2401 1485 2437 Bentl.

349 2570 583 2619 opinionem,
626 2572 883 2620 cogitationem
907 2573 948 2607 'ut
975 2572 1011 2606 in
1135 2586 1166 2612 7.
1192 2587 1267 2609 non
1294 2584 1424 2608 temer-e
1445 2568 1516 2617 est]
1563 2568 1602 2603 h·
1623 2565 1655 2603 'e-
1675 2582 1754 2604 nou

349 2626 513 2664 formulis
538 2630 622 2673 fert
655 2631 809 2670 animu's,
841 2633 892 2676 est
933 2632 1012 2664 ani·
1089 2628 1138 2663 est
1167 2629 1240 2663 fine
1270 2627 1374 2662 causa
1400 2637 1440 2661 ut
1468 2626 1505 2660 in
1531 2625 1623 2660 Eun.
1652 2627 1697 2662 ΙΙ.
1717 2638 1752 2662 2.

348 2699 441 2722 mus.
461 2698 491 2724 v.
502 2685 617 2721 Drak.
641 2685 686 2720 ad
703 2686 766 2722 Sil.
780 2685 900 2721 vItalic.
914 2685 1010 2720 XVI.
1088 2687 1144 2721 60.
1169 2696 1203 2722 et
1224 2685 1263 2720 in
1282 2685 1429 2721 Phorm.
1448 2683 1494 2719 V.
1512 2689 1547 2726 3.
1572 2694 1625 2730 ¹9.

346 2748 428 2788 293.
