1780 3100
252 131 319 186 40
727 150 729 152 -
804 125 1110 185 ANDmA.
1178 103 1183 114 ‘

253 258 397 309 DAV.
433 260 505 305 Ita
526 257 679 306 aiunt.
745 258 809 307 SI.
842 261 978 309 Tum
996 255 1061 321 63)
1093 257 1128 308 fi
1157 260 1273 327 quis
1297 245 1582 326 magistrum
1603 255 1666 321 69)
1695 308 1697 311 .

608 325 741 390 cepit
765 330 824 386 70)
855 325 916 374 ad
941 344 1048 375 eam
1073 345 1176 376 rem
1197 325 1495 394 improbum,

250 392 411 459 Ipsum
432 392 653 440 animum
681 407 941 459 aegrotum
974 394 1038 442 ad
1061 394 1358 444 deteriorem
1381 399 1440 457 7¹)
1469 408 1668 463 partem

311 491 313 493 -
597 458 906 527 plerumque
931 461 1165 528 applicat.

253 528 398 574 DAV.
420 524 730 594 Non,hercle
749 527 994 593 intelligo.¹
1017 532 1079 578 Sl.
1104 533 1150 579 N
1157 533 1253 577 on?
1275 528 1482 587 ⁷2).hem.
1516 532 1667 580 DAv.

387 639 389 641 .
608 597 741 644 Non.
778 598 952 645 Davus
976 597 1092 654 sum,
1124 615 1224 645 non
1251 597 1489 664 Oedipus.
1514 603 1574 660 73)

251 661 316 709 SI.
351 662 545 725 Nempe
573 678 690 727 ergo
721 676 893 729 aperte
923 663 999 711 vis
1031 681 1163 730 quae
1195 666 1379 714 restant
1397 667 1461 722 74)
1491 669 1573 716 me'
1597 662 1667 716 lo·

609 731 741 796 qui?
795 732 946 777 DAV.
981 732 1109 779 Sane
1143 731 1357 797 quidem.
1381 736 1442 793 7⁵)

183 796 313 845 2581.
351 795 403 844 Si
425 795 613 844 sensero
642 796 792 846 hodie
826 797 1103 863 quicquam
1132 799 1180 845 te
1201 799 1252 845 in
1272 797 1351 849 his
1374 795 1566 868 nuptiis

250 861 497 910 Fallaciiae
521 866 718 923 conari,
763 882 867 930 quo
893 861 1016 911 fiant
1035 865 1217 923 minus,
1238 863 1298 924 76)
1335 862 1338 866 ’

253 935 354 977 Aut
375 929 500 979 velle
519 931 571 978 in
591 949 649 979 ea
669 950 722 980 re
747 937 806 991 77)
842 932 1051 989 ostendi,
1089 950 1241 998 quarn
1269 932 1326 982 fis
1352 933 1581 993 call-idus,

248 996 556 1047 Verberibus
586 1000 781 1048 caesum
801 1012 849 1047 te
873 999 924 1065 in
947 1000 1235 1064 pristrinum
1257 1005 1295 1064 *)
1318 1003 1463 1054 Dave
1488 1002 1668 1052 dedam

607 1084 772 1134 usque
795 1066 860 1116 ad
877 1084 1063 1126 necem,

307 1230 373 1276 63)
397 1231 591 1278 praecipue
653 1231 719 1278 69>
739 1231 905 1267 lenonem
947 1243 988 1268 ut
1015 1244 1054 1269 tu
1085 1246 1122 1268 es
1149 1234 1252 1268 Dave
1319 1236 1383 1282 7ο)
1409 1234 1555 1273 habere.
1601 1236 1668 1274 Le-

353 1290 414 1334 git
432 1291 554 1334 igitur
573 1289 705 1335 coepit.
773 1291 836 1336 71)
865 1291 1089 1326 meretricem
1151 1291 1214 1336 72)
1240 1287 1426 1338 intelligis.
1448 1295 1460 1303 ''
1490 1294 1554 1339 73)
1578 1293 1666 1329 alias

354 1344 649 1391 mendacissimus
705 1347 768 1393 74)
789 1346 974 1395 supersunt
1027 1347 1091 1392 75)
1109 1346 1165 1395 ⁸fic
1183 1347 1263 1381 volo
1312 1349 1376 1393 76)
1400 1348 1475 1384 scil.
1502 1349 1530 1385 fi
1556 1349 1667 1386 sense—

353 1413 395 1436 ro
441 1401 504 1447 77)
531 1401 740 1450 nuptiarum
786 1404 821 1451 ⁴²)
847 1406 950 1440 Edic-
971 1402 1172 1451 pistrinum.
1202 1415 1311 1440 recte.

185 1573 204 1603 ”.
252 1570 353 1618 quod
372 1571 532 1608 tandem.
553 1572 698 1606 petron.
718 1558 825 1617 cs44.
846 1568 936 1610 iam¹>
999 1569 1054 1612 ci'.
1078 1583 1207 1619 eorpus
1237 1582 1438 1617 aegrotum.
1476 1571 1569 1620 *Ipse
1596 1576 1668 1610 Te.

241 1631 322 1675 flcio
341 1631 439 1665 unde
457 1632 639 1674 acceperit
651 1629 829 1665 denarios
839 1632 922 1667 mil·
997 1628 1132 1664 tentius
1152 1627 1239 1662 alibi
1261 1641 1406 1675 quoque
1431 1628 1479 1664 fic
1505 1629 1668 1678 loquitur

250 1687 286 1721 le
306 1698 453 1725 aureos,
477 1685 538 1719 ubi
557 1698 589 1721 v.
609 1686 809 1720 Burmann.
998 1696 1034 1720 et
1052 1697 1108 1732 ap.
1135 1685 1251 1719 Cicer.
1265 1684 1372 1719 Tusc.
1396 1685 1530 1733 quaest.
1547 1689 1611 1722 111.
1629 1695 1666 1733 4.

296 1753 353 1775 21.
381 1745 439 1777 ica
460 1743 582 1789 aiunt]
607 1741 765 1777 formula
784 1755 920 1783 eorum,
996 1745 1209 1789 aegrotatio
1230 1743 1377 1777 mentis.

251 1796 314 1845 qui
332 1811 402 1831 non
425 1811 466 1832 ex
487 1792 599 1832 ani'mi
612 1797 788 1834 sententia
809 1797 920 1833 ass‘en-
1041 1806 1097 1840 23.
1128 1801 1264 1833 Davus
1274 1801 1370 1845 sum,
1390 1812 1464 1834 non
1483 1799 1664 1847 Oedipus]
1727 1800 1732 1804 ”

247 1852 408 1893 fiuntur,
464 1865 504 1889 ut
532 1854 622 1888 infra
651 1856 696 1892 11.
728 1867 757 1888 1.
794 1867 848 1889 21.
880 1855 919 1890 in
994 1853 1174 1891 sermones
1204 1855 1256 1889 tui
1283 1866 1397 1901 aeque
1425 1855 1564 1891 obscuri
1583 1857 1666 1894 sunt

245 1902 318 1945 Ad.
337 1910 382 1944 V.
405 1919 441 1951 8.
462 1924 494 1955 7.
540 1910 679 1944 Eodem
711 1903 811 1944 sensu
830 1909 921 1945 dici·
995 1922 1104 1958 atque
1126 1910 1340 1954 aenigmata.
1375 1911 1452 1947 Illis
1473 1913 1582 1958 igitur
1597 1914 1665 1950 sol-

247 1975 325 2006 tur,
359 1969 428 2015 ‘ita
465 1969 706 2009 praedicant,
752 1966 846 2005 infra
872 1969 919 2009 V,
995 1967 1121 2002 vendis
1160 1965 1327 2012 Oedipus
1355 1967 1586 2007 adhibendus
1614 1972 1664 2008 est

246 2028 281 2067 3.
306 2026 341 2065 4.
996 2038 1025 2059 ν,
1045 2023 1211 2059 Proverb.
1235 2022 1436 2070 scriptores.

291 2076 534 2124 mogifirum]
581 2078 748 2127 magister
772 2079 832 2120 est,
860 2093 921 2116 cu·
1039 2089 1095 2122 28.
1118 2081 1337 2127 pistrinum]
1396 2081 1446 2118 est
1469 2082 1572 2120 locus
1598 2084 1663 2120 ubi

247 2133 303 2168 ius
323 2133 423 2168 suasu
444 2145 478 2169 et
505 2135 663 2171 consiliis
693 2137 815 2172 omnia
847 2138 919 2183 agi·
993 2136 1111 2183 fruges
1136 2135 1248 2171 tostae
1273 2135 1475 2184 pinsuntur·
1496 2150 1531 2176 et
1555 2143 1662 2188 panis

245 2203 340 2234 mus,
376 2190 512 2225 Seneca
532 2191 569 2225 in
595 2191 752 2238 Thyeste
777 2206 808 2227 v.
838 2202 917 2237 3¹⁰·
965 2194 968 2197 “
995 2193 1204 2232 conficitur,
1249 2192 1345 2228 unde
1373 2194 1534 2242 pinsores
1571 2199 1662 2235 dicti

237 2240 349 2295 saepe
377 2251 417 2284 in
452 2250 669 2294 magistrum
686 2250 828 2292 seelera
862 2265 918 2286 re-
991 2248 1072 2285 sunt
1088 2253 1258 2296 pistores.
1290 2263 1321 2285 v.
1346 2251 1449 2289 Voss.
1471 2254 1510 2290 in
1528 2247 1662 2303 etymo·

247 2305 348 2341 diere
358 2307 432 2350 fila
450 2304 690 2339 V.Burmann.
704 2304 750 2340 ad
761 2306 915 2344 Phaedr.
991 2306 1062 2351 log.
1108 2306 1180 2340 Hic
1197 2306 1302 2342 labor
1319 2320 1400 2344 cum
1429 2309 1539 2348 durus
1558 2312 1661 2350 cibus

245 2361 290 2396 II.
312 2361 346 2397 6,
371 2360 422 2394 ι6.
992 2362 1095 2402 esset,
1134 2363 1172 2398 in
1202 2364 1391 2411 pistrinum
1419 2365 1661 2411 detrudebant

222 2420 224 2423 ’
262 2412 266 2416 ”
290 2428 348 2452 22.
376 2420 537 2452 animum
563 2420 779 2471 aegrotum]
826 2420 851 2455 i.
882 2434 915 2456 e.
991 2431 1027 2455 et
1054 2420 1351 2470 compingebant,
1400 2422 1462 2470 qui
1482 2424 1572 2472 quid
1599 2425 1660 2460 de-

247 2486 369 2508 amore
388 2473 623 2510 laborantem.
671 2478 818 2512 Veteres
835 2477 916 2525 phi·
990 2476 1185 2524 liquissent.
1241 2479 1356 2525 Saepe
1379 2478 1457 2514 heri
1486 2479 1584 2528 apud
1603 2494 1660 2516 co-

245 2530 393 2579 lesophi
428 2544 585 2566 amorem
615 2533 777 2581 aliasque
803 2533 916 2569 animi
991 2534 1106 2568 micos
1117 2534 1191 2570 hoc
1210 2535 1423 2583 supplicium
1437 2536 1539 2573 servis
1552 2537 1659 2574 mini·

248 2586 458 2623 affectiones
488 2589 634 2626 morbos
664 2590 801 2627 dicunt.
849 2590 917 2627 Ni-
972 2601 1124 2631 .tantur,
1154 2606 1186 2626 v.
1215 2593 1252 2627 in
1287 2592 1430 2627 Phorm.
1458 2595 1505 2631 ΙΙ.
1538 2607 1567 2628 ι.
1604 2607 1656 2641 ¹9·

245 2646 314 2681 hili
337 2659 418 2681 vero
441 2646 632 2681 discrimen
650 2647 709 2687 est,
732 2646 831 2695 quod
841 2647 918 2682 Do·
993 2658 1029 2683 et
1047 2648 1215 2684 celeberr.
1246 2648 1488 2689 Hemsterhur.
1522 2649 1568 2686 ad
1586 2653 1659 2689 Lu·

245 2714 353 2740 natus
374 2702 497 2746 tradit,
524 2716 668 2752 aegrum
690 2704 851 2741 animum
863 2703 918 2740 di·
995 2704 1092 2740 ciani
1111 2706 1260 2741 Timon.
1278 2718 1314 2754 p.
1338 2718 1414 2751 ¹²7·
