1812 3100
350 148 445 195 332
639 142 1469 192 HEAUTONT1MORUMENOS.

346 279 526 330 Noster
542 282 600 338 ¹3)
620 279 662 336 *)
700 277 903 326 rescisset
922 275 1039 326 ilico
1064 277 1156 326 esse
1180 277 1392 326 amicam
1409 277 1474 337 3⁴)
1506 273 1639 336 hano
1663 275 1761 326 clia.

706 347 737 393 ti
758 345 941 394 ‘ilionis

276 439 328 466 20
345 417 394 466 Si
419 419 474 476 ¹5)
507 365 789 470 abduxeri¹s‚
814 411 1080 472 celabitur,
1113 411 1300 462 ibidem
1323 409 1384 471 16)
1421 424 1481 461 ut
1500 409 1660 462 celata
1676 411 1812 462 adh1

701 480 800 529 huc
834 482 910 528 est.
1677 503 1680 506 ·
1742 508 1745 509 ν

343 554 431 598 CL.
465 556 529 598 At
549 549 681 597 enim
712 549 834 597 istoc
868 546 989 596 nihil
1020 549 1087 597 est
1118 549 1270 614 magis
1295 552 1354 610 ¹7)
1386 549 1508 614 Syre
1532 551 1588 611 Ι8)
1632 549 1768 598 meis

703 616 892 682 nuptiis
915 615 1187 665 advorsum.
1225 618 1282 675 ¹9)

347 688 480 735 Nam
512 702 616 752 quo
650 701 738 732 ore
768 681 1033 749 appellabo
1062 687 1288 748 patrem?
1339 685 1508 734 Tenes
1538 688 1599 747 ²⁰)
1635 681 1760 752 quid

702 750 900 799 dicam?
967 754 1054 800 SY.
1086 750 1309 816 Quidni?

342 826 426 870 CL.
448 818 580 887 Quid
600 817 795 866 dicam?
813 835 965 884 quam
981 820 1179 868 causam
1197 819 1432 869 afferam?
1462 820 1548 869 SY.
1571 818 1760 886 Quidf)

701 884 820 934 nolo
841 887 1080 934 mentiare

343 964 536 1023 Aperte.
573 960 645 1003 lta
676 967 734 1002 ut
764 971 842 1001 res
872 954 963 1001 sese
994 953 1164 1013 habet,
1200 967 1417 1005 narrato.
1483 949 1590 1005 cm.
1616 953 1761 1022 'Quid

708 1020 817 1070 ais?
882 1024 970 1070 SY.
1003 1022 1159 1071 Iubeo
1191 1024 1254 1082 2¹)

276 1091 481 1144 251⁷}lam
502 1092 565 1149 ²2)
597 1102 646 1138 te
672 1105 851 1144 amare,
882 1102 932 1137 et
950 1089 1075 1138 velle
1094 1108 1315 1151 uxorem,
1348 1090 1481 1144 hanc
1492 1091 1563 1153 ³³)
1582 1092 1762 1152 testea)

703 1155 1011 1222 Clitiphonis.

347 1232 433 1276 CL.
468 1230 661 1275 Bonam
694 1237 848 1290 atque
882 1224 1054 1273 iustam
1091 1242 1194 1275 rem
1228 1226 1416 1294 oppido
1437 1233 1507 1290 215)·
1531 1229 1761 1293 imperas,

704 1305 754 1338 et
785 1292 920 1340 factu
940 1289 1001 1351 ²3)
1037 1292 1243 1342 facilem.

346 1368 407 1411 Et
435 1359 617 1411 scilicet
642 1360 738 1406 iam
767 1376 850 1475 lme
878 1359 976 1410 hoc
1008 1360 1145 1410 voles
1184 1376 1379 1428 patrem
1416 1379 1644 1421 exorare,
1702 1375 1764 1411 ut

535 1472 537 1474 .
707 1444 763 1474 ce
786 1440 835 1474 et

348 1500 525 1547 Senem
546 1493 793 1546 vostrum?
813 1494 904 1555 268)
926 1492 968 1554 *)
1002 1494 1088 1544 8Ῡ.
1124 1502 1277 1548 Immo
1299 1511 1356 1547 ut
1377 1511 1514 1549 recta
1541 1499 1624 1550 via
1654 1514 1760 1548 rem
1808 1541 1812 1543 ,

364 1579 366 1581 ’
706 1576 873 1610 narret
893 1563 1066 1612 ordine
1091 1583 1298 1614 omnem.
1339 1570 1421 1613 CL.
1456 1570 1596 1615 Hem.

350 1633 492 1682 Satin
527 1632 675 1679 sanus
699 1648 760 1678 -es
792 1643 880 1678 aut
911 1631 1139 1682 sobrius?
1162 1679 1165 1681 Α
1188 1638 1273 1683 Tu
1302 1633 1505 1701 quidem
1538 1633 1678 1683 illum
1695 1637 1761 1693 ²2)

705 1696 854 1764 plane
885 1700 1072 1764 prodis.

277 1777 332 1820 30
347 1771 476 1818 Nam
502 1767 592 1833 qui
614 1770 674 1829 28)
711 1763 793 1813 ille
812 1773 871 1826 29)
907 1767 1094 1832 poterit
1113 1767 1204 1814 esse
1222 1767 1274 1814 in
1294 1780 1420 1827 tuto,
1439 1772 1501 1829 5⁰)
1536 1766 1617 1816 dic
1637 1764 1761 1815 mihi

412 1922 473 1967 ¹3)
492 1933 582 1970 erus,
604 1919 777 1955 Chremes
824 1919 854 1961 ⁴¹)
879 1920 970 1956 edic.
988 1918 1093 1954 senex
1115 1922 1347 1968 improbante
1366 1923 1487 1958 Benel.
1538 1921 1594 1965 14)
1611 1919 1762 1956 Bacchi-

458 1977 541 2012 dem
606 1978 664 2022 15)
690 1975 908 2011 Bacchidem
929 1987 1047 2010 tecum
1099 1978 1152 2018 16)
1177 1977 1340 2012 [imiliter
1399 1976 1454 2023 17)
1471 1988 1587 2026 'quam
1609 1976 1761 2012 Bacchi-

456 2033 538 2069 dem
567 2033 697 2068 ducere
725 2046 868 2068 mecum
925 2036 980 2073 18)
1005 2045 1026 2066 ο
1044 2032 1126 2078 Syre
1185 2034 1246 2079 ¹9)
1271 2033 1322 2069 est
1349 2034 1569 2070 contrarium
1613 2030 1677 2078 ao)
1706 2033 1761 2067 in-

453 2090 585 2136 telligis
654 2091 687 2133 Ι’)
712 2091 801 2126 edit.
826 2089 913 2137 quin
931 2101 967 2124 ec
994 2103 1067 2125 non
1087 2091 1240 2137 disting.
1308 2091 1373 2136 21)
1398 2101 1438 2126 ut
1456 2089 1556 2126 dicas
1575 2089 1668 2137 patri
1694 2099 1756 2125 tuo

455 2146 675 2183 Menedemo
746 2147 808 2187 22)
832 2145 1059 2191 Antiphilam
1124 2150 1183 2188 23)
1221 2146 1444 2181 Bacchidem
1514 2149 1580 2193 24)
1605 2146 1759 2181 amicam

454 2204 519 2249 25)
542 2204 645 2239 valde
700 2205 758 2244 26)
787 2200 833 2236 ad
861 2201 1065 2236 faciendum
1123 2204 1213 2244 262)
1254 2202 1449 2238 Chremem
1501 2204 1532 2244 ‘)
1553 2205 1647 2240 edic.
1684 2217 1760 2239 ηοη

453 2263 634 2308 interrog.
705 2260 769 2307 27)
804 2258 1056 2305 Clitiphonem
1128 2263 1186 2300 28)
1231 2258 1420 2306 quomodo
1485 2263 1556 2307 ,29)
1591 2258 1758 2306 Clitipho

452 2317 517 2363 30)
539 2315 675 2352 scilicet
700 2317 727 2352 fi
745 2326 849 2364 pater.
868 2327 968 2349 meus
995 2314 1066 2348 hoc
1093 2315 1307 2361 prodiderit.

394 2452 450 2475 22.
469 2454 539 2488 quo
559 2439 638 2483 ore]
669 2438 693 2473 i.
720 2452 751 2473 e.
779 2451 849 2486 qua
874 2438 1018 2479 fiducia,
1140 2446 1195 2481 28.
1222 2449 1324 2475 recta
1342 2439 1435 2484 via}
1481 2450 1583 2474 recta
1602 2440 1671 2474 via
1684 2448 1762 2473 rem

351 2509 422 2544 qua
444 2496 595 2530 audacia
616 2496 652 2535 ip
674 2493 819 2532 Phorm.
842 2496 887 2529 V.
909 2509 939 2539 7.
962 2503 1018 2539 24.
1094 2509 1254 2532 narrare
1290 2494 1388 2529 idem
1424 2493 1474 2529 est
1506 2493 1605 2542 quod
1650 2494 1760 2544 paolo

350 2569 421 2600 quo
449 2554 576 2588 redibo
607 2566 669 2587 ore
695 2553 746 2586 ad
764 2565 854 2586 earn.
875 2551 951 2585 ibid
972 2553 1017 2589 V.
1095 2563 1196 2592 ante,
1222 2563 1368 2596 aperte,
1403 2552 1454 2586 ita
1479 2560 1517 2585 ut
1534 2548 1603 2584 sese
1621 2562 1675 2585 res
1698 2549 1761 2584 ha-

349 2617 383 2650 8.
405 2617 461 2651 53.
482 2624 552 2654 quo
578 2623 642 2644 ore
659 2611 769 2644 illum
787 2609 1017 2654 ohim-gabis.
1093 2609 1172 2648 bet,
1222 2621 1375 2643 nan-are.
1410 2620 1441 2645 v.
1472 2605 1676 2647 Bnoukhuf.
1713 2604 1759 2640 ad.

352 2665 461 2700 Ovid-.
491 2665 592 2711 epist.
624 2666 684 2699 VI.
719 2672 792 2708 145.
816 2680 888 2713 quo
908 2668 1018 2702 vultu
1092 2667 1252 2713 Propert.
1272 2666 1319 2701 Π.
1340 2673 1397 2710 25.
1415 2665 1473 2710 46.
1685 2666 1688 2668 ’

351 2733 462 2758 natos
482 2735 551 2771 quo
571 2736 626 2759 me
636 2724 814 2770 scelerate
827 2723 992 2759 videres.
1520 2737 1523 2741 ·
