1812 3100
254 185 280 196 “
696 180 1153 236 ‘'EUNUCHUS

220 186 318 232 236

214 320 294 367 Ne
318 322 526 366 metu-35.
612 319 765 367 THR.

803 318 935 384 Quid
968 319 1210 370 videtur?.

1263 323 1373 370 GN.
1405 310 1638 376 Fundam*

573 384 666 433 tibi
690 404 826 435 nunc
854 388 999 437 nimis
1023 387 1197 437 vellem
1225 387 1345 447 dari,

213 456 284 502 Ut
305 466 359 501 tu
383 451 496 500 illos
519 454 581 512 49)
615 452 797 519 procul
821 452 940 504 hinc
965 473 1027 504 ex
1063 455 1270 507 occulto
1287 462 1350 519 5⁰)
1384 455 1635 517 caederes,

571 521 796 569 facerent
826 521 1003 587 fugam.
1027 527 1088 584 5¹)

213 589 364 636 THR.
388 586 485 637 Sed
507 605 677 637 eccam
699 587 949 637 Thaidem
970 591 1125 656 ipsam
1143 588 1321 640 video.
1337 594 1446 641 GN.
1466 594 1636 658 Quam

572 674 689 704 mox
712 661 773 716 52)
808 658 1083 707 irruimus?
1764 702 1770 722 z
1808 712 1811 714 q

213 724 395 772 Omnia
426 724 569 789 prius
602 725 841 789 experiri,
890 742 1046 792 quam
1079 727 1228 776 armis
1256 729 1322 786 ⁵4)
1364 728 1635 795 sapientem
1708 745 1710 747 .

573 790 728 840 decet.

1152 661 1301 707 ΤΗΚ
1332 663 1484 708 Mane
1504 661 1570 719 ⁵3>

142 884 194 910 20
211 861 308 927 Qui
331 863 392 922 55)
426 859 517 908 scis
547 876 610 906 an
631 876 763 925 quae
787 857 991 907 iubeam-
1009 858 1109 909 fine
1127 862 1177 911 vi
1201 860 1386 912 faciat?
1409 859 1473 925 56)
1507 863 1633 912 ·.6Ν

570 927 636 974 Di
659 927 866 975 vestram
889 925 1048 976 fidem.
1070 930 1135 988 57)

211 995 404 1061 Quanti
428 997 490 1055 58)
523 993 592 1043 est
621 996 801 1059 sapere.

871 997 1150 1062 Nunquam
1184 995 1394 1057 accedo,
1427 998 1551 1065 quin
1571 1001 1632 1061 ⁵9)
1670 1048 1674 1053 ,

569 1061 660 1111 abs
684 1075 734 1111 te
755 1061 932 1110 abeam
965 1062 1174 1112 doctior.

210 1133 367 1180 THR.
396 1129 568 1180 Thais
575 1128 640 1184 60)
689 1129 906 1195 primum
923 1129 1041 1178 hoc
1070 1130 1189 1179 mihi
1216 1129 1471 1206 responde.
1513 1150 1632 1183 cum

570 1197 662 1246 tibi
686 1198 750 1246 do
773 1198 909 1245 istam
929 1198 1165 1263 virginem
1180 1237 1191 1257 ,

210 1267 386 1315 Dixtin
410 1265 503 1315 hos
525 1265 628 1314 dies
651 1265 768 1314 mihi
791 1263 877 1314 soli
902 1265 1019 1314 dare
1040 1270 1124 1315 te?
1191 1270 1345 1316 THA.
1366 1267 1500 1335 Quid
1521 1282 1629 1318 tum

570 1332 774 1400 postea?
805 1331 867 1392 6“)

207 1403 429 1469 Rogitas,
467 1420 599 1470 quae
628 1401 746 1450 mihi
781 1415 898 1450 ante
933 1399 1113 1450 oculos
1150 1419 1319 1451 coram
1343 1400 1406 1466 6²)
1443 1417 1629 1477 amato-

570 1483 652 1518 τοι
654 1488 731 1518 em
751 1466 814 1525 65)
854 1468 1100 1527 adduxisti
1126 1473 1306 1518 tuum?

140 1548 195 1589 25
211 1542 366 1588 THA.
413 1537 549 1605 Quid
580 1556 696 1586 cum
731 1536 848 1586 illoc
900 1534 1021 1598 64)*)

1364 1539 1514 1588 THR.
1569 1512 1649 1587 Et¹

1055 1556 1083 1584 a
1087 1555 1202 1602 g.as
1189 1541 1210 1572 Ῥ
1231 1535 1296 1598 65)

571 1624 686 1655 cum
710 1623 770 1654 eo
794 1604 923 1654 clam
945 1618 992 1654 te
1011 1549 1248 1656 subgduxti
1267 1604 1400 1655 mihi.

268 1726 328 1769 49)
354 1721 537 1756 Thaidem
558 1731 593 1756 et
607 1717 800 1756 Chremem
849 1723 907 1762 5ο)
933 1719 995 1753 ubi
1016 1718 1180 1754 confistis*
1219 1719 1286 1765 51)
1306 1720 1415 1754 ceteri
1460 1721 1527 1773 5²)
1542 1731 1630 1769 qun-

317 1792 355 1813 re
387 1792 461 1812 non
492 1777 653 1821 celeriter
710 1779 775 1823 53)
810 1787 959 1822 expecta
1013 1776 1078 1820 54)
1115 1787 1275 1822 pugnare
1339 1778 1406 1823 55)
1440 1775 1627 1824 quomodo

313 1836 372 1878 56)
397 1834 512 1869 Thais
579 1832 644 1879 57)
681 1834 788 1869 testor
840 1838 898 1876 58)
924 1832 1050 1879 quanti
1073 1833 1178 1879 pretii
1233 1833 1299 1879 59)
1325 1844 1363 1867 ut
1383 1847 1457 1868 non
1511 1833 1579 1880 60)
1605 1846 1630 1868 ο

315 1891 432 1926 Thais
503 1893 564 1932 61)
608 1891 765 1925 dicerem
837 1890 903 1934 62)
942 1890 980 1923 in
1017 1888 1216 1936 praesentia
1287 1891 1352 1937 63)
1374 1889 1629 1937 ‘Chremetem

315 1948 381 1995 64)
409 1961 489 1982 cum
510 1948 575 1983 illo
599 1958 757 1982 amatore
803 1947 833 1989 ⁴¹)
855 1949 911 1983 ed.
935 1947 999 1981 illo
1042 1947 1101 1991 65)
1127 1946 1215 1994 agis.

206 2094 304 2129 'clara
334 2103 369 2127 et
391 2091 599 2140 perspicua,
637 2106 743 2142 quam
766 2107 785 2128 e
803 2095 881 2129 Ma-

205 2150 398 2198 nusoriptis
447 2151 624 2186 revocavit
656 2150 774 2185 Bentl.
815 2154 879 2200 qm·

206 2210 278 2245 tibi
304 2221 402 2244 nunc
429 2210 493 2243 vit·
519 2209 670 2244 videtur
695 2212 783 2255 eJJE,
821 2209 880 2244 hic

206 2267 339 2302 nebulo
364 2279 522 2310 magnus
539 2268 604 2311 est.

257 2333 309 2367 19.
345 2322 484 2365 armis]
541 2321 676 2356 scilicet
713 2321 876 2367 experiri.

205 2378 278 2414 Sed
310 2376 398 2411 dura
438 2377 487 2411 est
520 2377 651 2423 ellipfis
682 2388 716 2412 et
746 2377 878 2424 duplex

205 2436 245 2470 in
274 2434 399 2470 eadem
437 2434 622 2468 locutione
652 2433 877 2469 constructio.

187 2488 329 2528 'Placet
361 2491 469 2536 igitur
504 2490 602 2538 quod
638 2492 823 2526 Bentleiua
860 2504 879 2526 ο

204 2550 333 2584 veteris
370 2547 507 2582 codicis
544 2549 698 2593 vestigiis
734 2548 880 2595 reponit

205 2608 332 2643 omnia
351 2609 457 2650 prius
474 2609 643 2651 experiri
653 2632 661 2644 .
689 2619 800 2651 quam
819 2619 879 2640 ar-

206 2678 284 2701 ma.
308 2666 515 2710 sapientem
540 2665 654 2699 decet.
703 2665 880 2708 Experiri

206 2735 313 2758 arma
333 2721 466 2755 dicitur
486 2730 524 2754 ut
539 2719 691 2767 experiri
713 2719 803 2754 vires
820 2731 878 2766 ap.

208 2779 317 2815 Ovid.
340 2780 412 2814 Art.
439 2788 589 2813 amator.
608 2778 654 2812 ΙΙ.
680 2784 754 2819 ¹80·

1000 2107 1058 2130 22.
1093 2094 1166 2139 do]
1227 2106 1294 2141 pro
1321 2092 1428 2133 dedi,
1460 2092 1626 2141 praesens

958 2164 1022 2198 pro
1051 2151 1244 2199 praeterito
1277 2161 1317 2186 ut
1346 2149 1459 2195 saepe.
1480 2162 1512 2184 ν.
1534 2150 1629 2185 Peri-

956 2221 1038 2242 zon.
1078 2208 1125 2242 ad
1159 2207 1298 2243 Sanctii
1326 2206 1481 2243 Minerv.
1510 2207 1539 2241 1.
1570 2215 1626 2249 13.

957 2278 992 2312 Ρ·
1015 2277 1072 2311 97·

1003 2330 1058 2363 23.
1085 2333 1163 2359 eum
1179 2321 1328 2368 postea]
1354 2331 1435 2356 tum
1453 2329 1489 2354 et
1502 2322 1628 2366 postea

955 2379 1154 2423 iunguntur
1191 2391 1255 2427 per
1282 2377 1558 2425 pleonasmum,
1587 2386 1628 2412 ut

954 2440 1035 2482 pose
1053 2437 1198 2475 deinde.
1225 2437 1315 2471 olim
1340 2434 1547 2483 quondam.
1572 2443 1628 2468 re-

954 2507 1024 2538 pen
1003 2506 1062 2529 nte
1084 2495 1231 2539 subito.
1275 2493 1423 2528 candem
1458 2491 1624 2538 denique.

955 2563 986 2583 v.
1002 2550 1161 2584 Vosfium
1185 2549 1230 2583 de
1248 2547 1555 2583 constructionem
1566 2547 1626 2588 65

956 2617 991 2641 et
1019 2605 1224 2641 Broukhus.
1255 2605 1301 2640 ad
1325 2598 1485 2652 stepen.
1514 2603 1560 2638 11.
1589 2614 1624 2638 2.

959 2669 1013 2708 ¹4·

1001 2727 1061 2761 25.
1095 2720 1188 2767 quid
1212 2730 1294 2754 oum
1329 2720 1398 2754 illo
1427 2728 1469 2753 ut
1496 2708 1643 2764 ηεαδ]-

953 2777 992 2812 h.
1011 2790 1041 2814 e.
1056 2775 1145 2823 quid
1158 2789 1239 2811 cum
1259 2775 1329 2810 iuo-
1345 2775 1420 2822 agis
1442 2773 1509 2810 uifi
1524 2771 1624 2820 quod
