1812 3100
317 161 410 210 180

778 161 1283 225 ,EUNUCHUS‘

240 307 294 347 25
309 299 630 345 Concurrunt
644 291 766 342 laeti
783 293 955 357 mihi*)
988 295 1191 346 obviam
1209 295 1725 371 cuppedinarii-xffssw
1756 334 1759 338 -
1810 303 1812 341 ἶ

377 403 381 407 .
416 380 429 391 ·«
668 378 856 421 omnes,
1283 391 1287 399 ·

307 429 539 487 *Caetarii‚
557 432 619 491 8¹)
642 427 777 486 lanii,
801 435 862 491 82)
899 431 1066 495 coqui,
1099 431 1398 495 fartores‚83)
1432 432 1726 500 piscatores,

668 514 906 563 aucupes„
929 502 966 560 ²)
1615 547 1626 552 ,

312 563 514 631 Quibus
549 577 600 613 et
627 582 682 612 re
721 564 851 614 salva
895 579 945 613 et
982 565 1178 632 perdita
1208 567 1493 634 profueram
1525 580 1576 616 et
1616 584 1728 633 pro—

655 632 774 681 ·sum
808 634 961 699 saepe.

313 698 558 756 Salutant‚
591 698 654 747 ad
678 717 849 748 cenam
877 713 1076 757 vocant,
1103 700 1370 749 adventum
1399 701 1730 768 gratulantur.
1754 751 1761 756 .
1802 719 1803 722 ’

313 767 384 815 Ibi
406 769 466 828 **)
501 766 591 815 ubi
620 768 764 815 miser
788 765 1048 815 famelicus
1070 768 1206 816 videt
1234 787 1312 817 me
1343 771 1434 817 esse
1463 772 1551 829 ***)
1587 783 1729 818 tanto

672 833 886 893 honore,

242 912 296 956 30
313 906 373 951 Et
392 914 495 950 tarn
513 899 658 950 facile
679 901 868 951 victum
890 906 1155 969 quaerere,
1190 900 1261 949 ibi
1292 900 1443 950 homo
1464 905 1528 964 84)
1564 904 1733 970 coepit

670 987 749 1018 me
781 969 1061 1026 obsecrare,·
1144 970 1146 972 ’
1594 1025 1599 1032 ,

311 1042 378 1086 Ut
408 1035 495 1084 fibi
523 1036 696 1085 liceret
729 1037 910 1086 discere
938 1037 1000 1085 id.
1025 1042 1061 1096 *)
1129 1037 1409 1094 Consectari
1439 1038 1499 1098 **)
1533 1034 1642 1085 iussi

313 1107 366 1155 Si
388 1105 523 1171 potis
550 1105 629 1152 est.
664 1118 932 1171 tamquam.
948 1103 1358 1171 pbilosophorum
1385 1103 1575 1153 habent
1591 1104 1733 1154 disci-

670 1171 837 1238 plinae
859 1190 920 1220 ex
940 1170 1052 1239 ipsis
1074 1176 1134 1231 85)

373 1282 409 1329 ⁴¹)
435 1284 526 1318 edic.
546 1281 598 1316 mi
645 1281 696 1328 ⁴¹⁴¹)
721 1282 811 1318 edic.
838 1285 947 1318 Zezm.
970 1277 1197 1328 cupedinarii
1252 1279 1316 1326 80)
1342 1289 1434 1316 nota
1451 1281 1653 1328 marginal.
1672 1292 1732 1315 cu-

418 1339 511 1387 pido
535 1339 585 1373 est
605 1338 784 1386 cupiditas
804 1338 890 1372 inde
911 1339 1073 1373 cotiones
1088 1363 1098 1377 ,
1129 1337 1262 1383 aliique
1283 1349 1390 1383 quam
1410 1337 1555 1385 plurimi
1583 1348 1622 1372 ut
1652 1336 1733 1373 sunt

416 1396 637 1443 thelonearii
689 1406 724 1430 et
775 1394 956 1430 mercibus
1011 1394 1208 1429 insistentes
1264 1393 1498 1440 cupedenarii
1561 1406 1733 1430 vocantur

420 1454 486 1499 8¹)
512 1465 603 1490 nota
629 1466 748 1499 marg.
778 1452 923 1491 cetarii,
969 1463 1068 1487 cetus
1098 1452 1147 1487 est
1174 1463 1285 1496 genus
1313 1452 1475 1487 marinae
1502 1451 1647 1488 bestiae.
1687 1451 1731 1486 ab

420 1509 497 1545 hoc
517 1522 644 1555 genere
666 1508 805 1543 abufive
826 1507 1018 1555 piscatores
1048 1509 1193 1542 coetarii
1225 1519 1397 1544 vocantur
1424 1519 1460 1544 et
1487 1507 1549 1557 qui
1578 1519 1734 1546 tractant

418 1579 481 1608 ea,
518 1579 611 1615 quae
636 1580 680 1602 ex
709 1566 867 1614 piscibus
898 1565 1006 1604 fiunt,
1048 1575 1089 1600 ut
1115 1564 1196 1600 sunt
1221 1565 1468 1612 liquaminarii
1495 1561 1556 1614 qui
1586 1579 1628 1601 ex
1658 1580 1733 1601 cor-

417 1623 568 1672 poribus
588 1623 739 1671 piscium
758 1623 948 1666 humorem
970 1622 1114 1669 liquant
1175 1625 1233 1664 32)
1266 1621 1356 1656 lanii
1376 1622 1474 1657 idem
1502 1622 1584 1658 sunt
1609 1623 1671 1670 qui
1697 1634 1733 1659 et

422 1680 574 1716 lanistae
592 1692 613 1714 a
633 1679 814 1715 laniendis
834 1678 1000 1714 carnibus
1020 1678 1120 1715 dicti.
1146 1677 1243 1712 idem
1270 1679 1378 1714 etiam
1399 1679 1568 1715 dicuntur
1586 1680 1733 1715 marcel-

421 1737 504 1772 larii
535 1750 556 1772 a
581 1737 784 1773 mactandis
814 1734 982 1789 carqibus
1038 1735 1102 1778 83)
1126 1732 1207 1770 sunt
1235 1738 1343 1782 coqui
1372 1748 1392 1770 a
1419 1737 1615 1772 farciendis
1640 1738 1730 1774 cibis

414 1793 474 1828 ita
493 1805 749 1840 nuncupantur
791 1794 822 1835 ⁴¹)
846 1794 936 1829 edic.
956 1792 1053 1838 deest
1071 1793 1193 1828 iudice
1213 1795 1332 1828 Bencl·
1353 1806 1451 1829 recte
1495 1794 1546 1840 ⁸⁴¹)
1571 1796 1662 1831 edit.
1690 1796 1733 1830 il-

419 1849 456 1884 le
502 1850 563 1891 ***)
586 1852 677 1886 edit.
698 1851 794 1893 deest
805 1851 875 1896 sed
892 1849 1054 1894 restituit
1074 1850 1196 1884 Bencl.
1244 1853 1303 1893 84)
1322 1861 1539 1885 memoratus
1585 1853 1620 1897 ⁴¹)
1639 1854 1732 1888 edit.

419 1909 510 1942 add.
531 1905 576 1940 de
594 1919 663 1940 me.
692 1908 792 1956 quod
811 1908 977 1944 additur,
1004 1907 1126 1951 glossa
1155 1909 1205 1951 esc
1231 1909 1271 1941 in
1295 1909 1377 1940 MS.
1396 1910 1520 1951 nostr-0
1566 1908 1617 1954 ⁴¹⁸)
1641 1911 1730 1947 edic.

422 1962 548 1998 sectari
595 1965 660 2010 85)
685 1962 928 2010 philosophis.
959 1973 978 1994 a
1002 1962 1154 1995 Platone
1182 1961 1357 1996 Platonci.

1063 2064 1233 2108 testatem
1244 2072 1278 2097 et
1290 2060 1358 2097 effe
1368 2064 1410 2099 in
1426 2067 1616 2111 potestate.
1637 2067 1731 2102 Hirt.

1065 2119 1111 2153 de
1130 2120 1158 2152 Β
1186 2118 1233 2153 G.
1247 2120 1341 2154 VIII.
1354 2128 1387 2161 8·
1400 2123 1441 2156 in
1458 2125 1648 2167 confiscent
1671 2124 1732 2159 Ῐιο-

363 2071 423 2107 25.
445 2063 601 2108 cetarii]
662 2061 743 2098 sunt
775 2062 844 2110 qui·
872 2063 986 2110 pisces

318 2120 591 2166 grandiusculos
622 2130 658 2155 et
675 2119 882 2155 salsamenta
906 2133 990 2155 ven-

315 2178 424 2217 dunt,
471 2178 563 2212 Cete
587 2176 684 2212 enim
712 2177 843 2226 dicitur
869 2177 988 2212 omnis
1054 2177 1170 2222 flium
1191 2178 1394 2212 exer-citum
1421 2178 1591 2214 adducit.
1619 2179 1681 2213 ubi
1699 2193 1730 2214 v.

316 2234 426 2282 pilcis
444 2246 607 2279 maguus.
626 2246 658 2267 v.
678 2233 777 2267 Don.
793 2232 843 2266 -ad
865 2233 901 2268 h.
923 2233 968 2275 1.Ι

353 2292 552 2335 fartores]
601 2290 681 2325 sunt
707 2290 768 2337 qui
789 2301 867 2323 aves
887 2288 992 2324 farci-

318 2358 386 2382 unt
414 2358 449 2382 et
468 2346 643 2392 saginant.
669 2359 700 2381 v.
722 2345 917 2383 Columellss.
944 2345 990 2381 de

316 2416 356 2438 :re
384 2403 515 2439 rustica
541 2405 640 2439 VIII.
670 2416 703 2449 7.
732 2412 767 2437 et
788 2402 987 2437 Burmann.

319 2458 366 2493 ad
384 2461 529 2495 Petron.
557 2473 587 2495 c.
607 2473 664 2507 79.

318 2515 321 2517 ’
364 2528 420 2562 29.
446 2520 486 2552 in
505 2529 652 2553 tantum
675 2515 871 2563 bonorem]
919 2528 985 2563 pro

317 2571 359 2606 in
389 2582 491 2607 tanto
510 2573 661 2607 honore.
730 2572 828 2606 Nam
852 2582 986 2606 veteres

317 2626 422 2676 saepe
455 2629 694 2664 accusativum
729 2641 794 2675 pro
831 2627 987 2662 ablativo

317 2696 474 2731 ponunt.
504 2699 537 2720 v.
561 2686 722 2721 Gellium
740 2686 768 2719 Ι.
794 2697 826 2730 7.
846 2684 906 2718 sic
928 2684 990 2719 Ci-

319 2753 410 2786 cero,
430 2741 631 2789 promiscue
660 2740 751 2776 dicit
777 2744 845 2787 effi
863 2743 904 2776 in
920 2754 987 2785 po-

1065 2230 1185 2268 Davis.
1215 2231 1337 2268 Livius
1362 2232 1476 2270 XXX.
1507 2246 1560 2268 ¹0.
1587 2238 1628 2271 in
1649 2239 1732 2272 ani-

1065 2304 1163 2325 mum
1183 2287 1326 2324 habere.
1346 2301 1378 2322 v.
1395 2289 1586 2335 Bet-gerum
1607 2293 1652 2326 de
1670 2305 1733 2327 na-

1066 2337 1177 2381 tural:
1194 2343 1466 2391 pulchritudine
1485 2347 1667 2383 <orationis
1696 2359 1732 2385 et

1066 2402 1276 2447 interpretes
1297 2401 1343 2435 ad
1364 2403 1440 2437 Liv.
1460 2405 1506 2438 11.
1530 2411 1581 2448 ¹4·

1110 2467 1166 2501 31.
1183 2459 1343 2504 J‘eeeari]
1403 2458 1540 2495 scilicet
1565 2470 1605 2502 ut
1630 2459 1733 2496 disci-

1062 2514 1169 2562 pulus
1191 2514 1403 2560 magistrum·
1421 2516 1732 2564 uudefictatores

1065 2570 1233 2618 discipuli
1261 2569 1562 2619 saepetdicuntur
1591 2585 1612 2607 a
1646 2573 1733 2609 Gel-

1064 2628 1129 2663 lio.

1111 2693 1167 2727 52.
1195 2686 1442 2732 disciplinae]
1481 2683 1652 2733 exquisite
1669 2698 1734 2733 po·

1065 2741 1164 2777 nitur
1201 2755 1266 2789 pro
1306 2741 1413 2778 secta.
1461 2740 1540 2777 Cic.
1577 2741 1622 2776 de
1652 2753 1733 2790 <nat-V
