1696 3112
207 183 295 218 XIV*

210 304 307 350 cim
333 300 597 351 codicibus
619 297 924 365 Anglicanis,
961 299 1015 345 in
1047 297 1229 364 quibus
1256 299 1425 366 plures
1446 302 1638 354 meli0-'

206 397 272 442 ris
305 405 459 440 notae
493 403 660 450 erant,
707 406 735 436 a
767 387 930 437 Nicol.
975 387 1225 456 Clagett
1260 390 1542 442 collectam.
1575 411 1621 442 v.

204 483 504 551 praefation.
527 481 737 529 editioni
765 477 1008 544 praemiss.
1028 497 1129 547 pag
1149 482 1324 530 XXIV.
1336 471 1624 531 VVesterho·

203 577 287 623 vio
325 573 390 621 ad
419 570 769 619 adornandam
801 569 931 617 suam
956 569 1232 619 editionem
1249 571 1622 622 MDCCXXVI.
1691 613 1693 616 .

204 668 434 732 quinque
473 661 678 712 codices
711 659 981 709 Leidenses
1011 659 1207 725 praesto
1247 674 1390 710 erant
1417 639 1623 728 praeter

204 755 350 815 alios,
388 769 516 820 quos
547 751 756 800 adducit
784 753 838 798 in
866 749 1077 816 praefat.
1145 751 1472 800 Bentleius
1517 753 1622 802 edi-

202 849 328 894 tioni
350 844 465 893 suae
485 842 721 893 Cantabr„
743 852 795 891 et
810 840 1027 888 Londin.
1040 841 1620 893 MDCCXXVI.Amstel.

199 935 597 984 MDCCXXVII.
615 921 860 999 repetitae
871 931 1063 999 Lipsiae
1076 932 1178 979 MD
1185 931 1401 980 CCXCI.
1414 931 1623 983 brevem

202 1024 453 1094 praemisit
490 1013 883 1092 praefationem,
936 1040 1071 1090 quae
1100 1035 1271 1070 narrat
1303 1022 1544 1089 plurimos
1572 1023 1622 1074 se

203 1117 410 1167 codices
436 1116 640 1183 scriptos
658 1112 1084 1180 cantabrigienses
1110 1126 1159 1162 et
1179 1112 1522 1164 Londinenses
1554 1111 1621 1162 ad

206 1208 483 1258 editionem
513 1205 649 1255 hanc
682 1203 940 1254 contulisse
964 1216 1012 1253 et
1042 1202 1278 1270 exegisse,
1324 1216 1373 1252 et
1400 1206 1455 1252 in
1487 1209 1619 1254 notis

202 1300 500 1346 nominatim
534 1295 819 1364 appellasse,
883 1295 966 1342 Uti
985 1311 1186 1354 omnes,
1221 1311 1348 1360 quos
1370 1293 1619 1344 hactenus

201 1388 429 1449 laudavi,
465 1388 684 1436 editores
717 1387 922 1436 codices
951 1401 1078 1450 quos
1103 1384 1466 1445 adhibuerunt,
1502 1385 1618 1434 bre-

199 1477 384 1528 viffime
416 1478 704 1527 indicarunt
742 1490 791 1526 et
820 1462 1162 1543 appellarunt,
1209 1491 1315 1523 non
1350 1469 1618 1541 descripse-

117 1608 118 1611 ,
198 1582 343 1630 runt,
386 1571 456 1616 ita
488 1571 637 1617 etiam
667 1570 986 1634 nuperrimus
1008 1567 1236 1614 Terentii
1255 1564 1445 1626 editor,
1476 1569 1615 1632 inge·

198 1657 484 1709 niofiffimus
506 1662 584 1707 Bo
598 1659 662 1716 th
677 1677 704 1707 e
724 1640 1048 1706 MDCCGVI.
1071 1655 1250 1704 labore
1273 1667 1510 1705 accurate
1531 1673 1623 1705 co-.

201 1751 340 1800 dices
367 1749 476 1799 suos
500 1749 817 1799 describendi
837 1748 1120 1815 supersedit.
1169 1745 1325 1807 Quod
1346 1745 1412 1794 ad
1431 1745 1615 1795 horum

196 1859 357 1890 unum
397 1844 596 1902 attinet,
655 1858 844 1906 nempe
878 1839 1113 1888 codicem
1157 1837 1276 1884 olim
1314 1835 1611 1886 academiae

193 1930 621 1992 Helmstadienfis,
666 1934 822 1979 otium
847 1927 936 1996 ipsi
970 1929 1166 1978 fecerat
1207 1927 1253 1975 J..
1286 1927 1513 1974 Facius
1555 1929 1611 1976 in

196 2022 467 2077 collatione
488 2022 635 2073 huius
657 2021 847 2070 codicis
870 2018 1048 2068 inserta
1061 2020 1188 2069 T.C.
1209 2014 1416 2066 Harlesii
1440 2017 1609 2084 opusc.

192 2117 315 2164 varii
335 2131 523 2179 argum.
547 2112 705 2161 Halae
725 2109 1120 2159 MDCCLXXIII.
1139 2126 1188 2174 p.
1213 2115 1312 2165 214
1329 2137 1395 2146 --
1428 2109 1544 2164 586.

225 2207 231 2211 ’
329 2201 673 2252 Consideranti
701 2200 824 2249 mihi
853 2200 1035 2248 horum
1067 2185 1304 2247 codicum
1325 2198 1611 2265 catalogum
1684 2251 1686 2254 ,

190 2292 460 2360 probabile
486 2292 551 2342 est
566 2331 578 2354 ,
610 2292 803 2341 nullum
826 2288 983 2358 glossis
1005 2289 1085 2339 vel
1103 2288 1297 2337 scholiis
1317 2286 1610 2339 iustructum
1686 2294 1689 2305 ²

193 2382 312 2444 effe,
356 2386 478 2450 quia
510 2383 694 2431 horum
731 2399 836 2430 non
874 2377 1096 2446 expressa
1129 2380 1319 2428 mentio
1350 2377 1485 2428 facta
1523 2378 1606 2429 est.

189 2475 380 2527 Verum
410 2477 667 2523 enimvero
698 2474 837 2522 idem
865 2471 970 2519 aliis
1003 2469 1265 2519 codicibus
1295 2471 1498 2518 evenire
1515 2487 1610 2535 po·
1692 2522 1696 2525 ,

189 2567 296 2625 tuit,
333 2565 473 2630 quod
495 2563 933 2622 codiciBembino‚
968 2578 1122 2627 quem
1136 2560 1353 2607 Faernus
1375 2562 1606 2609 omnium

190 2653 573 2722 antiquissimum
616 2668 664 2703 et
694 2649 1150 2720 praestantiffimum
1181 2648 1379 2708 habuit,
1412 2649 1607 2698 factum

193 2743 272 2794 est.
337 2745 470 2794 Nam
500 2744 587 2795 etsi
606 2745 857 2796 Victorius
888 2746 942 2792 in
965 2740 1281 2809 praefatione
1312 2740 1378 2790 de
1405 2739 1613 2790 scholiis.
