1780 3100
237 178 302 252 96
782 181 1092 266 ᾼΝΒΗΙΑ.

230 324 390 381 (Am.
413 318 489 367 111.
555 308 730 368 'sm-212,
774 318 877 379 111.)
949 322 1115 369 S1Mo.
1158 310 1461 374 CHREMES.
1496 298 1649 374 nuo's

831 390 1034 438 SENES.

228 502 398 549 SIMO.
432 496 488 560 16)
536 497 689 548 Iubeo
718 499 1032 549 Chremetem.
1070 504 1127 562 ι7)
1197 505 1294 551 CH.
1328 505 1370 552 Ο
1401 515 1449 551 te
1477 503 1636 568 ipsum

585 567 899 633 quaerebam.
952 570 1015 616 SI.
1048 573 1108 618 Et
1129 585 1220 635 ego
1246 584 1305 619 te.
1354 573 1452 619 CH.
1484 573 1636 637 Opta-

585 647 638 682 to
663 639 719 695 ¹8)
756 634 974 683 advenis.
1100 619 1119 645 ⁹

196 728 198 730 ·
228 700 435 767 Aliquot
470 705 526 766 ι9)
571 719 647 749 me
680 702 932 758 adierunt,
987 720 1047 750 ex
1076 715 1124 751 te
1153 702 1385 752 auditum
1415 704 1506 771 qui
1536 704 1633 752 aie-

582 768 725 825 bant,
758 768 908 818 hodie
928 764 1078 816 filiam

229 839 396 885 Meam
422 835 613 885 nubere
641 850 732 884 tuo
763 849 937 901 gnato,
990 836 1042 884 id
1079 837 1202 895 viso,
1231 841 1295 899 2⁰)
1345 849 1439 886 tun
1457 853 1534 886 an
1563 834 1635 885 illi

589 904 845 952 insaniant.

225 973 288 1021 SI.
324 970 560 1021 Ausculta
580 973 774 1038 paucis,
801 970 841 1031 ²⁸²)
866 976 925 1033 ²¹)
962 984 1012 1019 et
1032 970 1155 1037 quid
1180 988 1273 1037 ego
1297 983 1345 1020 te
1377 969 1549 1030 velim,
1584 983 1635 1019 et

584 1038 724 1105 quod
745 1053 801 1087 tu
829 1041 1053 1106 quaeris,
1088 1040 1224 1088 scies.

184 1109 324 1158 5CH.
359 1104 614 1163 Ausculto,
658 1105 866 1172 loquere
894 1105 1019 1172 quid
1052 1105 1188 1155 velis.

227 1175 290 1224 SI.
322 1177 415 1223 Per
441 1191 532 1239 ego
564 1176 602 1227 *)
651 1187 700 1220 te
727 1175 868 1223 Deos
902 1191 991 1223 oro
1035 1187 1085 1225 et
1115 1174 1329 1223 nostram
1364 1173 1632 1222 amicitiam

581 1238 786 1290 Chreme
796 1279 807 1299 ,

288 1373 349 1418 16)
374 1371 460 1407 dum
490 1382 652 1418 pergeret
680 1371 780 1407 Simo
810 1371 855 1406 ad
883 1372 1029 1408 domum
1052 1372 1275 1412 Chremetis,
1301 1381 1341 1407 ut
1358 1372 1458 1407 daret
1477 1370 1552 1407 filio
1570 1370 1632 1407 [uo

332 1428 539 1478 promissam
562 1442 728 1468 uxorem.
763 1427 918 1464 obviavit
943 1430 1045 1463 illum
1074 1443 1115 1465 ac
1142 1429 1315 1468 salutavit.
1344 1428 1518 1464 Chremes
1544 1441 1636 1475 quoe

328 1500 398 1534 que
416 1486 486 1520 iem
505 1485 675 1521 audiebat
696 1486 800 1520 illum
820 1487 1044 1534 comperiens
1065 1499 1085 1521 a
1098 1485 1311 1534 quibusdam
1331 1477 1467 1533 nuptiis
1499 1488 1558 1532 ¹7)
1569 1485 1632 1521 [al-

327 1541 408 1578 v'ere
468 1544 528 1589 18)
553 1541 748 1577 secundum
768 1541 865 1589 quod
887 1542 1055 1589 optabam
1116 1543 1363 1588 19)h0mines
1420 1543 1487 1589 20)
1511 1543 1631 1579 videre

327 1598 488 1634 desidero
534 1599 569 1644 ⁴¹)
599 1600 698 1634 Edit.
724 1601 839 1636 Zeune
859 1601 1056 1647 distinguit
1074 1603 1154 1648 post:
1173 1600 1333 1635 autculta
1388 1601 1454 1647 21)
1479 1600 1631 1638 breviter

327 1657 362 1703 ⁴)
385 1658 480 1703 abefi
507 1653 613 1692 edic.
630 1659 739 1692 Zeun.

277 1849 280 1851 ι
335 1803 441 1837 Αοτ.
469 1803 531 1837 ΠΙ.
579 1802 714 1837 ὃς-ιΝ.
742 1810 775 1845 3.

272 1871 302 1895 ι.
331 1861 435 1895 iubeo
465 1859 706 1903 Chremetem]
764 1858 888 1905 supple

222 1915 372 1955 salvere,
397 1926 436 1950 ut
457 1915 492 1949 in
516 1915 580 1950 Ad.
603 1916 665 1949 ΙΙΙ.
686 1921 722 1957 4.
750 1918 889 1960 ι4.]”αί-

221 1989 309 2010 vere
332 1975 532 2018 Hegionem
560 1968 760 2017 plurimum
783 1973 885 2006 iubeo

221 2029 286 2065 ubi
314 2031 479 2064 Donatus
518 2039 669 2063 annotat
698 2029 820 2064 iubere
848 2028 886 2060 in

221 2085 293 2122 hac
311 2085 464 2120 formula
483 2085 678 2130 fignificare
700 2083 887 2120 vehemen-

221 2152 276 2178 ter
294 2142 402 2180 velle,
431 2155 570 2190 cupere.

268 2199 424 2244 optato]
480 2211 610 2244 optato
639 2196 888 2232 adverbialiter

220 2266 262 2291 ut
297 2254 491 2302 auspicato.
522 2257 585 2290 IV.
625 2263 659 2298 5.
697 2266 750 2288 η.
787 2253 888 2288 haud

221 2315 411 2360 auspicato
445 2311 515 2347 buc
540 2328 593 2349 me
626 2314 751 2348 attuli.

265 2381 299 2405 2.
324 2372 469 2416 aliquot
503 2385 557 2405 me
583 2369 733 2413 adiere]
796 2367 886 2401 Gro-

220 2438 303 2461 nov.
333 2425 378 2460 ad
410 2427 531 2469 Plauti
552 2426 761 2461 Truculent.
781 2425 827 2458 11.
851 2424 885 2458 6.

220 2495 278 2519 21.
305 2495 348 2516 ex
376 2482 456 2517 ΜΠ.
481 2482 567 2528 legit
591 2484 736 2531 aliquot
757 2481 809 2516 ad
835 2493 887 2515 me

221 2540 356 2579 adiere,
378 2538 422 2573 de
442 2552 510 2586 qua
530 2539 742 2586 repetitione
759 2549 889 2589 prppo-

219 2595 358 2632 fitionis
380 2595 460 2630 vide
487 2607 612 2632 notata
640 2595 686 2630 ad
707 2597 751 2631 11.
782 2608 809 2629 1.
835 2602 887 2636 15.

265 2660 298 2695 4.
337 2654 505 2695 ausbulm
535 2654 692 2698 paucis]
749 2651 796 2686 fic
824 2664 888 2697 po-

220 2708 291 2745 tius
316 2708 530 2755 legendum,
580 2723 687 2757 quam
720 2709 887 2755 ausculta

219 2779 351 2812 pauca.
410 2766 537 2802 Paucis
579 2766 733 2804 Bentlei.
770 2764 887 2810 iungit

967 1816 1046 1837 cum
1070 1805 1166 1849 Jbz'es
1200 1801 1323 1836 locum
1357 1800 1406 1836 fic
1446 1802 1631 1850 interpun-

965 1872 1050 1905 gens
1079 1860 1266 1905 ausbulea:
1316 1862 1445 1903 paucis
1471 1871 1507 1895 et
1538 1862 1630 1907 quid
1666 1859 1669 1865 ’

964 1930 1031 1962 ego
1045 1917 1133 1952 volo
1154 1927 1190 1950 ec
1200 1914 1291 1961 quid
1306 1926 1346 1950 ιιι
1365 1911 1512 1960 'quaeris
1520 1919 1632 1963 βίω,

964 1983 999 2006 et
1029 1984 1110 2005 cum
1139 1973 1308 2016 ausculta
1335 1971 1442 2005 etiam
1469 1972 1629 2018 iungitur

962 2028 1000 2061 iu
1033 2026 1100 2062 Ad.
1134 2028 1176 2061 V.
1204 2034 1284 2068 520.
1311 2030 1477 2074 ausbulta
1497 2031 1637 2075 paucis⁴

962 2084 1035 2130 nzfi
1055 2085 1241 2129 molestum
1263 2086 1326 2129 ‘fi'-

1007 2142 1039 2175 6.
1066 2149 1132 2185 per
1149 2152 1184 2176 te
1205 2142 1305 2176 Deos
1326 2141 1408 2186 oro]
1447 2141 1633 2188 eleganter,

962 2197 1083 2232 Latini
1114 2196 1150 2230 in
1170 2197 1341 2245 precandi
1362 2208 1398 2232 et
1424 2197 1626 2233 obtestandi

962 2253 1126 2288 lormulis
1157 2254 1249 2288 inter
1272 2252 1572 2302 praepositionem
1592 2265 1627 2290 et

967 2311 1099 2349 caium,
1126 2324 1232 2357 quem
1249 2312 1339 2356 regit
1359 2310 1458 2345 aliud
1475 2311 1627 2346 vocabu·-

961 2367 1057 2407 lum,
1086 2368 1338 2415 interponunt.
1376 2367 1540 2414 inprimis
1568 2381 1627 2410 vo-

964 2425 1092 2459 cabula
1118 2425 1183 2471 ego'
1213 2435 1248 2459 et
1264 2440 1356 2462 vos,
1390 2423 1429 2457 in
1456 2436 1528 2471 quo
1548 2423 1627 2458 imi-

962 2489 1084 2515 tantur
1102 2480 1281 2519 Graecos.
1309 2478 1371 2526 qui
1394 2490 1524 2530 necea
1544 2479 1627 2514 casu

962 2532 1025 2568 [uo
1054 2533 1277 2580 distinguunt
1303 2533 1511 2580 interpofito
1547 2546 1627 2580 pro-

962 2590 1123 2624 nomine.
1171 2590 1286 2626 Plaut.
1306 2590 1342 2624 in
1362 2589 1535 2624 Bacchid.
1557 2590 1622 2623 IV}

962 2656 995 2690 8.
1015 2649 1070 2691 64.
1085 2662 1151 2692 per
1163 2659 1198 2683 te
1209 2649 1348 2693 obsecro
1362 2648 1463 2682 Deos
1480 2649 1625 2683 immor·

962 2706 1070 2739 tales.
1094 2702 1232 2736 Tibull.
1254 2703 1343 2748 eleg.
1365 2704 1427 2737 IV.
1446 2712 1480 2745 5.
1499 2703 1534 2737 6.
1557 2715 1625 2738 tua

960 2775 1026 2806 per
1041 2760 1249 2807 dulcissima
1259 2761 1373 2804 furta
1389 2773 1521 2806 perque
1541 2771 1624 2795 tuos

1677 16 1682 23 ’
1731 0 1780 177 ἲ

1762 178 1780 222 {2

1754 290 1780 338 ἐξ
