1696 3112
459 887 1140 968 PRAEFATIQ

225 1135 343 1199 Qua
378 1134 584 1184 fortuna
625 1132 992 1200 saepenumero
1024 1138 1081 1184 in
1117 1119 1443 1192 bibliothecis
1482 1153 1513 1184 a

59 1208 64 1222 ’Υ
81 1244 168 1278 me
200 1225 510 1295 perlustratis
533 1224 703 1274 adhuc
734 1225 845 1274 usus
867 1225 996 1288 sum,
1044 1239 1099 1276 ut
1122 1227 1383 1287 literarum
1403 1244 1513 1276 mo·

60 1304 326 1381 snumenta
363 1320 488 1372 ,viris
523 1317 686 1366 doctis
719 1316 802 1366 vel
831 1300 987 1383 plane
1017 1335 1123 1367 non
1154 1319 1374 1368 vel'non
1401 1318 1512 1368 satis

56 1413 287 1478 „cognita
305 1411 604 1470 invenirem,
644 1409 863 1458 eandem
883 1408 1009 1458 mihi
1026 1410 1212 1472 Halae,
1245 1409 1511 1478 postquam

51 1484 377 1552 {hic'redem
410 1499 527 1572 fixi,
582 1498 836 1567 obtigiffe,
891 1504 1102 1550 omnino
1144 1502 1361 1569 gaudeo.
1450 1504 1511 1551 In
1552 1494 1556 1498 ”

21 1606 61 1658 ρ’
78 1591 397 1643 bibliotheca
420 1592 651 1640 Mariana
665 1629 678 1653 ,
713 1609 867 1659 quam
891 1592 1062 1644 mense
1082 1595 1510 1660 Iuniorpraeteriti

77 1687 202 1734 anni
242 1687 463 1752 primum
498 1683 625 1744 adii,
676 1701 707 1731 a
749 1681 1027 1733 doctiffimo
1065 1697 1115 1734 et
1157 1683 1507 1735 humanissimo

34 1800 49 1816 ·
78 1771 187 1826 eius
236 1773 444 1826 custode
475 1776 733 1837 Kemme
778 1774 918 1824 Med.
955 1776 1022 1824 D.
1055 1788 1109 1825 et—
1131 1776 1186 1825 P.
1214 1777 1269 1825 P.
1289 1777 1360 1842 Ο.
1382 1777 1508 1826 mihi

72 1864 439 1938 ostendebatur
471 1866 640 1916 codex
671 1851 1060 1915 comoediarum
1087 1869 1319 1917 Terentii
1347 1886 1506 1918 mem-

40 1940 388 2020 -sbranaceus,
431 1975 588 2026 quem
624 1956 697 2006 ibi
729 1956 1298 2026 affervariignorabam.
1372 1961 1507 2009 Nam

72 2055 249 2119 neque
303 2052 489 2117 nuperi
525 2052 631 2099 eius
673 2048 894 2098 editores
929 2049 991 2099 cl.
1030 2049 1414 2101 Schmieder
1458 2070 1504 2102 a..

54 2126 420 2192 'MDccxelw
441 2153 491 2191 et
503 2140 566 2190 cl.
579 2139 735 2189 Both
751 2141 1095 2191 eMDCCCVI.
1109 2158 1282 2208 neque
1303 2142 1400 2204 alii,
1415 2147 1504 2210 qui

53 2228 194 2286 *ante
213 2231 327 2283 istos
353 2235 486 2283 viros
511 2229 815 2285 doctiffimos
848 2230 916 2281 de
935 2233 1181 2282 Terentio
1213 2233 1422 2284 edendo
1454 2248 1504 2284 et

56 2323 362 2394 ⁴illustrando
393 2324 533 2374 bene
570 2326 737 2374 meriti
769 2322 902 2385 sunt,
943 2323 1182 2373 codicem
1210 2323 1501 2375 laudarunt.

5 2456 8 2458 .
62 2414 279 2466 Bothius
307 2414 392 2466 sex
424 2414 633 2465 codices
660 2413 1053 2481 manuscriptos,
1087 2431 1278 2482 nempe
1291 2427 1392 2466 tres
1410 2418 1502 2466 Be-

51 2506 371 2568 rolinenfes,
418 2505 548 2556 duos
567 2503 1045 2573 Guelpherbytanos
1070 2517 1121 2556 et
1150 2523 1309 2556 unum
1325 2507 1501 2559 Helm-

58 2605 123 2652 ‘ff'
140 2597 378 2649 diensem
394 2596 463 2646 ad
497 2595 854 2649 adornandam
887 2596 1168 2647 editionem
1196 2596 1334 2647 suam
1356 2597 1499 2648 adhi-

62 2691 191 2737 ·uit.
227 2688 382 2737 Non
412 2687 571 2738 credo
601 2686 871 2738 Halensem
901 2687 1160 2754 despectui
1191 2691 1238 2738 ei
1272 2689 1499 2739 futurum

0 2772 12 2786 ³
125 2781 234 2843 le,
283 2777 320 2831 fi
350 2779 419 2831 de
450 2795 513 2831 eo
548 2777 743 2847 aliquid
770 2776 932 2829 fando
961 2779 1235 2830 audiviffet.
1312 2772 1526 2831 Extare
1573 2793 1576 2796 ’

914 2884 916 2886 -
1255 2860 1299 2906 Α
1326 2878 1356 2907 2
