1812 3100
535 170 676 215 Acr.
720 169 798 215 lv.
875 167 1046 216 Scan.
1089 170 1160 216 111.

1459 169 1557 216 223

17 293 46 383 ξ
133 298 281 365 Um)
302 318 406 370 ego
397 291 686 368 unguibus
698 306 786 364 78⁸)
808 304 847 364 ²⁸)
878 300 991 350 illi
978 321 1031 352 111
1053 301 1240 353 oculos
1264 300 1483 354 involem
1496 307 1559 367 79)

6 395 40 454 Ιξ
133 439 232 490 PH.
244 438 448 514 Nescio
471 368 858 556 ἔξίῗίῑὸῖὲξὲοζο
883 436 1085 488 absente
1120 437 1270 489 nobis
1299 438 1560 491 turbatum

492 520 560 556 et
626 525 727 556 orm

95 573 312 626 Adibo.
344 573 483 641 Quld
502 575 647 634 istuc,
681 575 808 643 quid
837 573 1060 633 festinas,
1102 589 1193 624 aut
1223 594 1377 643 quem
1410 594 1560 644 quae·
1612 623 1617 626 .

489 644 559 693 ris
591 647 662 709 Py
667 645 831 693 thias⁹
877 647 939 704 8¹)

128 664 675 763 PY.EhemPhaed1-i{
693 716 757 773 8²)
790 729 935 777 egon,
955 713 995 771 ²⁸)
1025 729 1177 779 quem
1200 717 1475 778 quaeram?
1496 717 1562 775 83)

490 784 508 828 1
532 780 653 830 hinc
674 784 736 842 84)
774 798 881 848 quo
915 779 1096 846 dignus
1118 797 1185 839 es,
1203 783 1240 841 *)
1271 799 1389 830 cum
1409 781 1557 834 donis

492 849 596 898 tuis

62 939 112 968 ιο
128 918 260 966 Tam
281 912 529 981 inlepidis.
549 920 611 979 **)
645 919 706 976 85)
781 918 882 965 PH.
919 914 1054 981 Quid
1074 915 1202 964 istuc
1225 918 1293 965 est
1313 920 1420 967 rei?

128 988 225 1035 PY.
258 987 425 1051 Rogas
450 988 566 1033 me?
607 984 910 1035 Eunuchum
928 983 988 1044 8⁶)
1019 1001 1172 1049 quem
1207 984 1380 1034 dedisti
1405 986 1556 1038 nobis

489 1069 621 1120 quas
656 1053 835 1103 turbas
862 1057 923 1113 87)
963 1052 1111 1101 dedit.

130 1121 387 1189 Virginem
422 1136 579 1199 quam
610 1139 724 1171 erae
747 1125 808 1180 88)
843 1120 980 1170 dono
1002 1118 1210 1168 dederat
1227 1119 1369 1170 miles
1394 1127 1455 1186 89)
1488 1123 1557 1174 vi-

489 1191 670 1239 tiavit.-
713 1189 809 1238 PH.
846 1187 982 1257 Quid
1003 1188 1113 1236 ais?

477 1259 575 1307 PH.
619 1256 925 1307 Temulenta
959 1274 1027 1305 es.
1110 1258 1205 1305 PY.
1254 1258 1459 1307 Utinam
1489 1257 1556 1311 fic

486 1325 602 1386 fine,
635 1328 726 1393 qui
757 1327 878 1374 mihi
903 1323 1033 1374 male
1064 1324 1256 1375 volunt.

127 1394 364 1445 DORIAS
397 1402 460 1460 90)
503 1400 582 1444 Au
605 1395 820 1444 Obsecxo
854 1412 965 1443 mea
998 1392 1218 1458 Pythias.
1256 1394 1381 1462 quid
1410 1395 1552 1447 istuc-

451 1501 453 1503 -
484 1483 600 1513 nam
628 1465 830 1513 monstri
854 1463 980 1511 fuit?
999 1468 1061 1523 9¹)

59 1532 225 1583 15PH.
257 1532 458 1614 Iusanis.
492 1533 582 1599 qui
607 1535 671 1592 9²)
707 1534 832 1581 istuc
862 1531 1022 1581 facere
1054 1528 1321 1580 eunuchus
1351 1532 1550 1598 potuit?

485 1604 578 1650 PY.
614 1605 717 1667 Ego
740 1599 881 1649 illum
903 1600 1067 1648 nescio

125 1258 222 1308 PY.
267 1256 409 1307 Perii.

184 1722 252 1770 78)
269 1721 578 1771 quemadmodum
607 1731 651 1768 78
662 1726 696 1764 a)
719 1736 799 1757 curn
822 1722 1003 1769 unguibus
1037 1725 1180 1770 ⁴)edic.
1200 1724 1290 1759 add.
1304 1721 1411 1757 facile
1426 1728 1554 1771 saper-

221 1779 407 1827 scriptum
426 1784 566 1817 recenti
582 1795 624 1817 uc
642 1783 796 1818 videtur
815 1795 928 1817 manu
956 1781 1020 1827 79)
1041 1780 1256 1816 transvolem
1283 1781 1347 1824 8ο)
1367 1779 1553 1818 scelerato.

226 1837 294 1884 8¹)
316 1850 338 1872 o
362 1838 506 1885 Pythias
555 1842 615 1886 82)
641 1852 663 1873 o
684 1837 866 1874 Phaedria
920 1839 949 1881 *)
977 1841 1069 1876 edit.
1109 1850 1175 1884 ego
1195 1838 1283 1882 sine
1312 1840 1551 1885 dafiinccione

229 1898 290 1939 83)
323 1895 523 1943 interrogas
588 1896 654 1943 34)
683 1895 889 1931 execrando
959 1897 995 1943 ⁸¹)
1016 1898 1107 1933 edic.
1133 1900 1256 1933 omitt.
1283 1909 1319 1931 es
1377 1896 1427 1938 **)
1460 1899 1552 1934 edic.

206 1951 364 2001 ⁴lepidis
410 1954 476 2000 35)
498 1954 663 2001 impuris.
688 1953 890 1990 inhonestis
937 1957 996 1997 86)
1021 1954 1076 1989 vel
1098 1954 1286 1989 eunuchus
1341 1958 1401 1998 87)
1435 1954 1555 1989 turba-

230 2009 351 2046 tiones
408 2012 473 2056 88)
497 2011 637 2056 Thaidi
686 2012 760 2058 '89)
786 2010 926 2047 Thraso
980 2017 1042 2059 9⁰)
1068 2011 1202 2047 aneilla
1220 2011 1293 2045 alia
1355 2011 1421 2057 91)
1455 2010 1553 2059 quod

231 2067 421 2103 eunuchus
447 2068 571 2117 potuit
599 2068 724 2104 vitiare
758 2069 930 2117 puellam.
993 2071 1060 2118 92)
1086 2067 1287 2118 quomodo.

169 2211 205 2251 6.
237 2216 279 2251 in
304 2216 435 2250 oeulos
462 2216 654 2262 involem]
709 2217 734 2252 i.
767 2230 800 2253 e.

124 2283 209 2308 cum
234 2271 269 2305 vi
308 2271 456 2310 irruam.
487 2272 580 2306 infra
607 2274 655 2309 V.
685 2287 718 2309 2.
746 2287 805 2311 20.

876 2221 943 2256 bis.
966 2217 1106 2253 Tibull.
1133 2216 1232 2262 Eleg.
1256 2217 1318 2251 111.
1352 2229 1385 2261 7.
1413 2220 1469 2259 24.
1491 2224 1550 2258 55.

876 2291 942 2313 nec
964 2278 1092 2313 mer-ico
1115 2275 1224 2311 nohis
1244 2275 1399 2310 inimica
1417 2288 1554 2310 meren-

125 2332 217 2380 qut'n
234 2330 398 2365 involem
418 2332 457 2365 in
476 2332 671 2376 capillum.
689 2331 800 2367 Ovid.

122 2387 277 2423 Metam.
299 2387 398 2421 xm.
419 2388 501 2428 560.
522 2389 673 2424 involat
689 2401 725 2425 ee
745 2391 801 2425 di-

123 2446 229 2492 gitos
258 2446 301 2481 in
318 2458 384 2488 per
366 2444 469 2488 rfida
493 2446 640 2481 lumina
659 2447 801 2487 condic,

63 2527 65 2529 ·
124 2499 191 2536 ubi
215 2512 247 2536 v.
272 2500 395 2536 Heius

118 2573 122 2576 ’
172 2570 206 2604 7-
230 2560 378 2606 abfinee
398 2559 526 2604 nobis]
568 2572 634 2606 pro
656 2558 801 2596 absente

125 2627 199 2650 mo.
221 2614 283 2651 Sic
303 2627 437 2652 veteres
458 2615 657 2663 aliquando
676 2616 802 2665 loque-

126 2672 261 2708 bantur
289 2672 490 2708 adsensum
520 2674 656 2719 magis,
690 2686 800 2722 quam

129 2729 176 2764 ad
220 2729 327 2766 verba
374 2729 613 2769 attendentes.
662 2731 800 2767 Catull.

127 2784 252 2825 Carm.
282 2788 413 2826 CVIII.
444 2797 480 2833 6.
500 2791 708 2836 insperanti
732 2803 800 2826 no·

875 2337 929 2374 ei,
960 2333 1021 2368 ubi
1044 2345 1074 2366 v.
1095 2320 1302 2366 Brouklius.

929 2398 980 2433 ¹3·
1019 2392 1164 2425 utinam
1182 2389 1243 2434 fic
1259 2389 1343 2433 fine
1375 2391 1438 2436 qui
1464 2387 1554 2423 mihi

878 2450 977 2485 male
999 2447 1151 2491 volem]
1200 2446 1261 2480 Sic
1278 2455 1432 2484 veteres,
1460 2457 1553 2492 quae

878 2519 899 2540 a
917 2505 952 2540 se
974 2515 1113 2540 remota
1132 2504 1276 2543 vellent.
1304 2502 1467 2538 hostibus
1488 2502 1555 2536 im-

876 2564 1015 2612 precari
1044 2562 1207 2597 solebant
1235 2561 1272 2595 in
1300 2562 1432 2596 Heaut.
1455 2559 1497 2594 V.
1517 2565 1551 2601 3.

882 2629 934 2663 13.
966 2621 1083 2655 Plaut.
1118 2619 1155 2653 in
1186 2617 1321 2653 Afinar.
1353 2618 1398 2654 V.
1429 2628 1462 2650 2.
1500 2622 1559 2669 13.⁴

876 2690 908 2712 ν.
929 2676 1096 2711 Lambin.
1119 2675 1165 2709 ad
1186 2677 1312 2711 Horat.
1345 2674 1466 2710 carm.
1487 2673 1550 2706 111.

876 2747 932 2777 27.
965 2746 1020 2768 21.
1053 2736 1057 2740 ’
1084 2735 1189 2769 Male
1221 2735 1321 2769 velle
1351 2732 1469 2767 alicui
1501 2727 1552 2762 est

878 2791 1038 2838 aliquem
1059 2789 1183 2832 odisse,
1209 2790 1299 2827 bene
1315 2792 1413 2827 velle
1434 2787 1553 2824 alicui
