1760 3086
271 153 383 186 ΧΧΥΙ

272 270 461 338 [ignum
482 273 740 320 commatis
772 268 1003 318 adhiberi
1023 268 1203 336 potest,
1235 268 1270 319 fi
1302 271 1398 320 alia
1423 272 1682 338 interpun-

275 365 374 411 ctio
399 379 462 410 ex
482 360 719 408 sententia
741 359 944 408 lectoris
971 363 1229 409 contextui
1247 364 1403 428 magis
1426 373 1544 427 apta
1565 358 1646 410 est.

405 453 704 515 Priusquam
734 451 903 498 autem
936 450 1002 498 ad
1035 451 1294 500 edendum
1324 451 1465 501 hunc
1491 449 1684 500 thesau-

272 559 383 591 rum
404 556 488 588 me
512 542 833 606 accingerem
850 576 862 599 ,
898 540 964 589 de
987 543 1194 590 invento
1220 542 1428 602 codice,
1460 556 1683 607 meoque

274 630 503 689 consilio,
553 627 690 678 bene
721 629 787 678 de
821 646 883 678 eo
904 631 1163 693 merendi,
1188 611 1477 681 *certiorem*
1496 630 1599 680 Feci
1615 633 1685 679 vi-

270 730 383 769 rum
404 720 558 786 longe
591 716 965 784 eruditissimum
997 732 1047 769 et
1080 721 1491 781 celeberrimum,
1531 721 1687 769 Bom-

195 876 197 878 η
272 827 518 870 T1GERUM,
575 827 730 876 quem
770 810 891 859 olim
928 827 1113 862 novam
1143 813 1373 860 Terentii
1411 811 1686 859 editionem

269 900 570 949 meditatum
617 899 715 949 effe
759 916 1026 961 noveram,
1072 901 1299 968 mihique
1342 913 1399 948 ut
1430 898 1686 949 confilium

270 989 410 1038 fuum
440 1007 536 1056 pro
573 1007 658 1051 ea,
700 1007 803 1058 qua
833 1008 917 1039 me
940 993 1039 1038 iam
1067 991 1261 1039 dudum
1287 990 1547 1057 amplexus
1568 1002 1690 1050 erar,

273 1082 490 1129 amicitia
512 1080 735 1147 benigne
762 1083 1067 1148 impertiret,
1100 1083 1287 1147 rogavi.
1354 1080 1600 1129 Laudavit
1616 1083 1691 1129 vir

271 1170 488 1219 summus
511 1169 820 1238 propofitum
841 1189 1038 1231 meum,
1085 1184 1133 1222 et
1153 1169 1408 1237 instigavit,
1449 1183 1519 1232 ut,
1554 1187 1690 1238 quae

272 1260 421 1309 bonis
448 1261 603 1310 literis
635 1248 869 1328 prodeffe
899 1259 1119 1327 possent,
1189 1263 1396 1312 interire
1425 1278 1533 1311 non
1554 1260 1688 1310 fine-

271 1367 397 1400 rem.
473 1351 613 1413 Quin
644 1351 710 1399 ad
739 1351 1091 1399 adornandam
1130 1351 1406 1400 editionem
1436 1349 1568 1400 ultro
1595 1350 1687 1399 ob<-

272 1443 384 1491 tulit
418 1443 605 1492 dictata
653 1443 747 1490 viri
798 1440 1114 1490 celeberrimi
1162 1440 1454 1489 Ruhnkenii
1495 1443 1549 1490 in
1589 1443 1690 1491 Te-

273 1536 492 1583 rentium
522 1530 884 1597 manuscripta,
931 1547 1064 1598 quae
1100 1534 1175 1579 vir
1205 1529 1507 1581 doctiffimus
1539 1532 1689 1580 Cum·-

273 1640 466 1672 snmus
506 1624 787 1671 Lunovxcus
820 1623 978 1682 Lmz,
1044 1622 1264 1673 director
1309 1620 1561 1684 Gymnafii
1605 1623 1690 1672 Vi-

274 1702 514 1762 narienfis
552 1709 908 1771 meritissimus,
961 1729 1023 1761 ex
1062 1710 1372 1764 bibliotheca
1402 1710 1564 1760 fratris
1603 1710 1688 1773 sui,

277 1803 467 1851 CAnom
507 1802 834 1862 Gorrnom1,
899 1800 1192 1853 Profess'oris
1234 1801 1457 1850 Gothani
1503 1803 1690 1850 mortui

278 1910 322 1941 a.
355 1892 692 1952 MDCCCIX‚
759 1909 788 1939 a
818 1890 973 1941 fratre
1002 1890 1252 1959 superstite
1291 1894 1494 1958 egregio
1517 1897 1690 1949 {enco-

236 2033 239 2036 ,
276 1986 383 2033 mio
414 2001 458 2030 a.
488 1982 781 2030 MDCCCX
810 1983 999 2042 ornati,
1037 1984 1148 2031 iure
1176 1981 1482 2031 hereditario
1517 1984 1689 2049 acqui-

276 2071 362 2122 fita
392 2072 513 2121 olim
535 2074 817 2138 Boettigero
859 2085 1032 2120 mutua
1063 2071 1298 2134 dederat,
1339 2085 1389 2122 et
1419 2089 1559 2121 nunc
1589 2074 1689 2120 Ha·

276 2143 401 2224 lam,
443 2175 500 2211 ut
520 2179 635 2211 mea
663 2179 784 2211 cura
810 2162 1109 2224 ederentur,
1148 2164 1414 2211 transmitti
1436 2161 1689 2212 conceffe-

276 2265 368 2302 rat.
451 2254 648 2300 Horum
680 2252 1058 2301 duumvirorum
1092 2253 1157 2302 de
1184 2252 1548 2302 rue-iudicium
1577 2269 1689 2319 per·

275 2361 432 2411 quam
456 2341 796 2392 honorificum
819 2356 874 2392 ut
894 2360 999 2392 non
1028 2342 1136 2391 satis
1164 2356 1301 2410 grata
1331 2355 1502 2392 mente
1534 2335 1690 2409 agrio-

279 2433 418 2484 scere
448 2446 498 2483 et
526 2435 826 2501 praedicare
855 2432 1074 2500 poffum,
1114 2435 1183 2481 ita
1212 2431 1401 2480 summo
1421 2431 1581 2481 studio
1604 2450 1690 2480 an-

281 2523 410 2574 nisus
432 2523 563 2587 sum,
610 2537 666 2575 ut
695 2542 763 2580 ne
795 2541 881 2575 eos
915 2521 1193 2603 aliquando·
1219 2525 1524 2589 poeniteret,
1566 2522 1688 2571 mihi

285 2631 457 2663 curam
489 2616 809 2666 edendorum
831 2615 1131 2664 dictatorum
1158 2611 1427 2662 manda‘ss'e'.
1492 2611 1689 2661 Descri-

282 2703 355 2772 pfi
381 2705 529 2772 igitur
558 2704 662 2773 ipse
696 2705 882 2755 dictata
911 2705 1020 2768 illa,
1061 2705 1200 2766 loca,
1244 2720 1376 2771 quae
1404 2702 1688 2771 allegaban-
