1760 3086
221 158 346 199 m.

361 279 558 331 Gloffae
587 277 846 329 auctorem
875 281 1082 329 natione
1112 263 1289 328 Italum
1314 278 1537 344 prodere
1561 281 1635 328 via

224 372 422 421 dentur.
494 373 626 417 Nam
654 369 706 432 fi
734 369 923 436 saepius
951 368 1152 418 usitatur
1178 387 1243 419 ex
1266 370 1634 420 morezltalicae

221 465 359 510 vocis
371 463 437 526 se
462 479 556 528 pro
581 479 687 514 an,
733 478 860 507 num
886 477 929 508 e.
950 478 995 526 g.
1024 478 1137 526 pag.
1159 460 1240 507 66.
1272 472 1395 508 nota
1424 459 1557 524 12)fi
1566 459 1634 524 sb

220 552 426 601 viderit
463 567 558 618 pro
594 569 722 598 num
749 548 814 613 ste
853 551 1058 597 viderit
1097 546 1211 616 pag.
1253 566 1370 616 2¹9·
1407 563 1530 598 nota
1557 555 1636 606 28

221 645 571 708 interrogata
594 639 665 703 est
683 639 805 703 —fi
827 637 1039 703 vidssec
1054 639 1394 704 Jhrasonem.
1459 641 1638 703 Quum

218 747 340 781 vero
376 732 570 780 codicis
605 712 896 797 scriptoreni
929 729 1150 777 eundern
1186 727 1487 795 effeputem
1515 746 1657 780 cum-

219 819 498 883 scholiasta,
535 803 700 871 codex
735 817 935 867 fortass'e
966 820 1020 866 in
1052 817 1190 867 Italia
1219 817 1426 885 scriptus
1455 818 1555 870 esta·
1591 847 1594 850 ·
1628 826 1636 849 ³*

356 909 515 974 Quod
559 910 626 959 ad
661 922 853 959 textum
883 908 1041 975 ipsum
1073 910 1324 970 Teren-tii,
1378 909 1540 977 qualia
1565 911 1641 975 iix

216 992 318 1050 hoc
344 1002 527 1051 codice
558 1001 764 1068 legitur,
800 1000 990 1059 attinet,
1016 996 1286 1064 saepiffime
1309 999 1653 1050 cum-codicia

216 1089 312 1139 bus
342 1089 465 1152 istis,
512 1093 628 1158 qui,
672 1089 925 1138 iudicibus
950 1090 1065 1137 viris
1096 1087 1329 1150 summis,
1356 1090 1557 1140 Faerno
1580 1103 1638 1140 ‚et

215 1180 468 1241 Bentleio,
521 1181 744 1251 palniam
764 1177 960 1229 ‘ceteris
991 1181 1331 1245 praeripiunt,
1377 1180 1643 1242 consentit,

217 1271 359 1338 quod
387 1270 593 1320 cuilibet
620 1282 766 1318 notas
794 1267 984 1318 nostras
1015 1272 1355 1335 percurrenti,
1401 1286 1535 1337 quae
1565 1270 1635 1320 as-

217 1360 408 1410 sensum
437 1361 517 1410 vel
543 1359 804 1409 dissensum
822 1359 1032 1409 Bentleii
1053 1359 1279 1425 respectu
1304 1360 1370 1409 ad
1387 1359 1525 1411 hunc
1549 1378 1639 1411 (τε)ὃ

221 1450 388 1501 dicem
405 1450 580 1500 habito
598 1451 853 1511 indicant,
885 1450 1093 1516 patebit.
1148 1451 1495 1516 Interpunctio
1525 1468 1641 1502 ver·-

215 1540 402 1590 borum
432 1539 603 1607 paffim
633 1538 885 1607 singularis
918 1540 1010 1602 est,
1062 1556 1234 1607 neque
1263 1540 1398 1602 talis,
1442 1555 1499 1590 ut
1530 1542 1637 1592 vul-

217 1634 348 1698 gari,
407 1648 561 1698 quarn
594 1631 842 1679 editiones
882 1649 1006 1697 prae
1039 1629 1087 1679 se
1113 1629 1307 1692 ferunt,
1350 1632 1643 1682 antecellatx

216 1721 368 1769 Haud
394 1738 560 1787 pauca
584 1723 734 1769 etiam
753 1720 950 1768 laudari
968 1719 1166 1787 possunt
1179 1721 1323 1782 loca,
1352 1721 1443 1769 ubi
1469 1723 1641 1772 codex

216 1810 374 1861 verba
408 1811 586 1860 melius
611 1809 848 1872 distinxit,
881 1814 1014 1860 acin
1045 1812 1188 1860 editis
1208 1803 1399 1860 factum
1420 1810 1500 1861 est.

291 1918 295 1922 ·
351 1899 618 1967 Postquam
658 1901 884 1950 indolem
929 1901 1075 1949 huius
1116 1893 1308 1950 codicis
1353 1905 1643 1952 accuratius·

179 1972 182 1975 Δ
221 1990 627 2058 exploraveram,
668 1990 895 2057 mihique
925 1990 1286 2057 persuaseram,
1327 1991 1487 2058 ipsum
1511 1996 1642 2042 anti-³·

219 2084 409 2149 quitete
436 2081 660 2147 plurimis
689 2099 717 2129 a
750 2083 930 2130 criticis
958 2082 1186 2131 adhibitis
1209 2082 1471 2131 codicibus
1491 2100 1642 2149 μεθ-ι

221 2173 433 2232 cellere,
465 2172 631 2219 multis
660 2174 823 2238 iisque
842 2170 971 2237 frugi
998 2171 1326 2232 lectionibus,
1358 2175 1489 2222 inter
1510 2190 1637 2240 quas

215 2262 383 2312 'versus
411 2265 607 2329 integer
638 2259 727 2321 est,
773 2277 836 2310 ex
857 2262 961 2309 aliis
985 2262 1124 2311 MSS.
1158 2263 1388 2310 nondum
1411 2264 1638 2328 prolatus

219 2352 452 2401 Eunuch.
474 2354 535 2402 V.
555 2352 603 2400 6.
627 2350 735 2418 post
753 2369 798 2400 v.
824 2369 871 2417 9.
891 2351 1142 2417 repletum
1168 2351 1286 2412 effe,
1316 2352 1499 2402 scholia
1528 2371 1637 2403 non

223 2442 378 2491 solum
398 2443 555 2492 verba
587 2454 847 2491 contextus
873 2442 1149 2509 explicare,
1189 2442 1273 2492 sed
1297 2446 1446 2492 etiam
1464 2441 1638 2509 paffim

221 2535 511 2583 varietatem
552 2545 659 2580 tum
691 2549 793 2599 qua
820 2532 974 2581 verba
1005 2544 1111 2580 turn
1142 2549 1245 2601 qua
1273 2530 1651 2599 interpunctio-¹

222 2641 343 2673 nem
377 2621 664 2684 ostendere,
700 2622 956 2673 confilium
991 2624 1129 2687 cepi,
1168 2621 1305 2672 hunc
1336 2623 1636 2684 thesaurum,

225 2717 314 2780 qui
339 2716 486 2764 nimis
510 2714 598 2763 diu
613 2714 847 2777 latuerat,
880 2712 1073 2781 publici
1090 2715 1209 2763 iuris
1229 2712 1417 2765 facere.
1481 2714 1534 2764 Si
1551 2731 1637 2765 va-
