1812 3100
31 0 210 61 3355&

37 43 79 119 ὲ

190 63 210 81 4
255 66 257 68 ,

567 171 1183 223 Acr;V.Sezn.111.
1424 169 1428 180 ‘
1489 180 1588 238 247

167 305 396 368 (Αὶττυε
433 307 491 355 V.
557 307 755 356 ScenA
789 309 889 363 111.)
954 311 1251 360 PYTHIAS
1279 306 1588 362 CHREMES·
1637 370 1640 374 ¹

695 376 1061 426 SOPHRONA.

140 492 259 541 ·PY.
283 493 328 551 3)
373 487 628 557 Quicquid
653 491 694 547 4)
741 490 913 540 venire
941 491 996 539 in
1030 505 1249 542 mentem
1277 510 1417 543 nunc
1444 490 1592 560 possit

525 555 685 606 mihi?
708 564 746 610 51
785 596 789 601 .

122 663 125 673 ,
164 602 420 695 Quidnam
445 626 538 693 qui
561 622 600 685 6)
639 626 850 675 referam
863 625 1109 694 sacrilego
1135 632 1173 686 7)
1209 626 1280 676 illi
1302 629 1527 695 gratiam,
1551 633 1591 690 8)

163 696 266 764 Qui
287 693 426 799 haenc
449 698 517 756 8¹)
552 695 809 774 supposuit
832 697 874 754 9)
919 696 1105 774 nobis?
1172 671 1331 746 CHR?
1341 701 1497 748 Move
1515 715 1592 747 ve·
1625 749 1627 752 Α

523 781 585 812 ro
616 765 761 813 ocius

163 835 244 882 Te
264 832 449 890 nutrix.
471 834 531 892 ¹⁰)
597 831 818 881 SOPHR.
854 835 1056 882 Moveo.

446 912 450 917 '
521 899 647 948 nihil
668 918 946 965 promoves.
974 903 1057 961 ¹¹)

1120 833 1219 882 CH.
1254 833 1426 883 Video.
1496 832 1597 884 Sed

121 973 255 1027 SPY.
277 971 401 1030 An*)
424 972 482 1030 ιΒ)
516 969 763 1018 ostendisti
790 968 922 1035 signa
945 974 1001 1033 ι5)
1037 971 1259 1019 nutrici?
1293 971 1388 1019 CH.
1411 970 1597 1019 Omnia

162 1041 260 1089 PY.
289 1037 514 1087 Amabo.
533 1040 597 1098 ¹4)
661 1038 796 1115 Quid
826 1038 928 1086 ait?
980 1039 1336 1105 cognoscitne?
1395 1039 1491 1087 CH.
1522 1045 1596 1087 Ac

524 1108 825 1155 memoriter.
847 1109 912 1147 ¹4
909 1108 945 1166 ³)

162 1178 256 1226 PY.
293 1179 433 1225 Bene
471 1173 654 1241 edepol
699 1191 889 1224 narras.

526 1244 589 1292 ni.
621 1246 677 1303 Ι5)

164 1311 239 1362 Ite
258 1313 406 1364 intro.
475 1315 579 1360 Iam
602 1311 795 1360 dudum
823 1329 908 1360 era
932 1308 990 1373 ¹5)
1024 1328 1119 1360 vos
1144 1324 1378 1377 expectat
1410 1309 1558 1359 domi.

161 1381 340 1432 Virum
363 1382 555 1430 bonum
581 1378 668 1440 16ὃ)
716 1397 895 1429 eccum
922 1383 1261 1435 Pamenonem
1293 1379 1526 1429 incedere

974 1176 1109 1235 Nam
1150 1173 1223 1224 illi
1258 1175 1404 1226 faveo
1451 1174 1594 1240 virgi·

225 1525 263 1565 3)
289 1518 417 1567 Pythia
452 1517 584 1553 ancilla
613 1517 740 1554 videns
778 1520 1040 1555 Parmenonem
1071 1518 1133 1568 qui
1152 1517 1261 1552 'dona
1290 1517 1364 1553 illi's
1395 1517 1596 1553 adduxerat

270 1577 390 1614 secum
427 1575 501 1610 hoc
539 1574 758 1622 loquebatur
785 1576 982 1623 indignans
1015 1590 1079 1624 pro
1108 1575 1278 1610 eunucho
1343 1576 1389 1621 4)
1416 1575 1471 1610 vel
1490 1574 1602 1623 quid--

273 1633 389 1684 quid.‘
421 1636 459 1676 5)
484 1642 524 1666 ut
542 1631 795 1668 maledicerem
826 1634 884 1670 isti
905 1634 1077 1681 sacrilego
1135 1633 1177 1678 6)
1203 1632 1392 1680 quomodo
1452 1638 1487 1678 7)
1514 1635 1595 1668 Par-

268 1689 420 1728 menoni
466 1688 508 1735 8)
533 1688 646 1723 vicem
703 1693 775 1737 ga)
802 1690 1004 1727 Chaeream
1062 1692 1105 1737 9)
1129 1689 1399 1726 subintroduxit
1443 1695 1497 1732 ιο)
1530 1690 1596 1725 So-

270 1748 412 1795 phrona
467 1747 528 1793 ιι)
554 1745 649 1782 nihil
671 1761 867 1795 properans
927 1749 965 1795 *)
988 1750 1080 1785 edic.
1112 1749 1234 1782 iamne
1273 1751 1313 1784 in
1337 1749 1419 1782 MS.
1433 1749 1596 1795 fortasse

268 1808 391 1853 ptimo
425 1815 520 1838 anne
595 1806 649 1849 12)
675 1804 730 1839 vel
764 1806 884 1841 iamne
962 1806 1022 1851 13)
1049 1818 1142 1853 quae
1169 1804 1287 1839 vidisti
1314 1805 1351 1838 in
1378 1803 1497 1840 sorore
1532 1815 1596 1840 tua

273 1864 335 1910 14)
354 1860 576 1897 blandientis
630 1862 722 1906 ¹4³)
741 1875 850 1912 quam
871 1862 1081 1898 memoriter
1130 1867 1187 1906 15)
1207 1861 1319 1912 sorori
1340 1872 1423 1898 tuae
1463 1863 1519 1904 16)
1532 1862 1597 1897 do-

270 1920 374 1956 mina
423 1920 516 1970 16³)
541 1918 730 1955 Yronicos.

299 2092 408 2128 Acr-
435 2091 477 2126 V.
511 2084 645 2127 Scin.
674 2099 708 2145 3.
766 2119 769 2123 .

919 2090 1141 2129 orationem.
1182 2088 1299 2137 quafi'’
1325 2089 1426 2125 dicas
1467 2092 1592 2129 etiam.

213 2157 248 2194 3.
275 2163 384 2186 move
408 2163 500 2185 vero
521 2151 651 2195 ocius]
701 2149 726 2186 i.
747 2162 766 2184 e
786 2161 842 2184 ce-

167 2207 291 2244 leriter
309 2219 426 2254 perge.
451 2207 513 2241 Sic
528 2207 717 2243 Theocrit.
740 2204 842 2252 idyll.

168 2266 251 2301 XV.
274 2275 326 2317 ¹9·
357 2275 446 2298 κινει
468 2258 526 2305 δη.
555 2277 583 2302 v.
602 2266 641 2299 in
655 2262 765 2300 Andr.
775 2264 840 2299 lV.

167 2329 204 2365 3.
241 2320 360 2356 ¹6.·et
393 2318 642 2363 Lindenbrog.
673 2318 720 2353 ad
746 2318 785 2353 h.
815 2318 842 2352 l.

129 2399 131 2402 ⁴
167 2377 350 2416 particula
380 2390 471 2413 vero
511 2375 724 2420 lingularem
768 2375 842 2410 vim

165 2435 292 2472 habet.
326 2434 407 2469 Cic.
446 2432 492 2468 de
526 2433 690 2467 Divinat.
725 2434 770 2468 11.
806 2441 840 2474 8.

167 2494 270 2543 quod
289 2494 384 2528 enim
403 2493 448 2530 is,
470 2493 534 2539 qui
551 2492 716 2527 divinae.
736 2503 843 2535 prae-

169 2553 284 2589 dicit.
319 2550 364 2585 id
382 2562 474 2584 vcro
492 2550 663 2589 futurum
685 2550 748 2593 eft.
766 2546 843 2583 Liv.

168 2607 281 2643 XLV.
322 2617 375 2650 ¹9·
416 2605 610 2647 univer-fias
641 2607 768 2640 omnia
806 2615 843 2640 et

169 2664 257 2701 huic
274 2664 437 2700 tribuere
454 2675 490 2697 ee
511 2664 575 2697 illi
595 2675 685 2697 vero
706 2674 844 2708 negare

170 2721 235 2756 ubi
261 2733 293 2757 v.
315 2718 503 2753 Drakenb.

217 2778 252 2813 6.
276 2791 321 2812 ac
337 2775 562 2821 memoriter]
619 2787 664 2812 ac
686 2773 847 2810 intendit

907 2151 1002 2188 vel,
1040 2149 1252 2195 etquidem
1282 2147 1321 2181 in
1339 2145 1451 2181 Andr.
1482 2148 1527 2182 11.
1562 2159 1592 2180 ι.

917 2213 974 2250 37.
994 2203 1097 2250 supra
1118 2205 1181 2238 111.
1208 2212 1243 2247 5.
1263 2210 1321 2248 43.
1340 2218 1409 2252 ego
1431 2218 1522 2240 vero
1543 2205 1593 2239 il-

916 2264 987 2300 lud
1004 2264 1088 2306 feci
1118 2275 1163 2296 ac
1192 2258 1331 2298 lubet'rs.
1380 2264 1595 2298 Memoriter·

920 2320 971 2356 est
997 2319 1072 2354 fine
1095 2319 1287 2354 monitore.
1331 2318 1470 2353 Similis
1491 2318 1594 2352 locus

919 2377 970 2412 ost
990 2377 1141 2411 Sueton.
1164 2376 1200 2410 in
1227 2377 1314 2411 Ner.
1341 2387 1371 2409 c.
1398 2388 1447 2410 ιο.
1469 2389 1595 2411 omnes

920 2435 1072 2471 ordines
1082 2434 1242 2480 fizbinde
1254 2445 1299 2467 ac
1315 2435 1525 2469 memoriter·
1534 2433 1597 2476 sa-

919 2494 1087 2529 luctavit,
1118 2489 1178 2523 ubi
1201 2502 1231 2523 v.
1254 2488 1495 2537 Oudendorp.

965 2561 1000 2594 9.
1037 2548 1227 2592 incedere]
1278 2547 1411 2584 dicitur
1435 2548 1497 2596 qui
1520 2559 1596 2593 gra-

920 2605 1066 2640 vitatem
1090 2615 1124 2639 et
1144 2603 1367 2639 securitatem
1389 2618 1475 2653 prae
1494 2604 1528 2640 se
1546 2604 1597 2639 fe-

920 2674 1002 2698 rens
1024 2661 1185 2696 ambulat
1235 2663 1395 2709 Propert.
1416 2664 1461 2698 11.
1483 2674 1514 2696 2.
1538 2670 1595 2705 53.

921 2720 1063 2755 incedit
1094 2720 1159 2754 vel
1190 2720 1282 2755 Iove
1322 2719 1442 2767 digna
1475 2723 1596 2768 soror,

921 2776 984 2812 ubi
1004 2788 1036 2810 v.
1056 2774 1260 2815 Broukhus.
