<?xml version="1.0" encoding="UTF-8"?>
<!DOCTYPE html PUBLIC "-//W3C//DTD XHTML 1.0 Transitional//EN"
    "http://www.w3.org/TR/xhtml1/DTD/xhtml1-transitional.dtd">
<html xmlns="http://www.w3.org/1999/xhtml" xml:lang="en" lang="en">
 <head>
  <title>
</title>
<meta http-equiv="Content-Type" content="text/html;charset=utf-8" />
  <meta name='ocr-system' content='tesseract 3.04.00' />
  <meta name='ocr-capabilities' content='ocr_page ocr_carea ocr_par ocr_line ocrx_word'/>
</head>
<body>
  <div class='ocr_page' id='page_1' title='image "./comoediaesex01tereuoft_0288.png"; bbox 0 0 1812 3100; ppageno 0'>
   <div class='ocr_carea' id='block_1_1' title="bbox 295 158 392 206">
    <p class='ocr_par' dir='ltr' id='par_1_1' title="bbox 295 158 392 206">
     <span class='ocr_line' id='line_1_1' title="bbox 295 158 392 206; baseline 0.021 -2"><span class='ocrx_word' id='word_1_1' title='bbox 295 158 392 206; x_wconf 83' lang='lat'><strong>250</strong></span> 
     </span>
    </p>
   </div>
   <div class='ocr_carea' id='block_1_2' title="bbox 785 155 1210 214">
    <p class='ocr_par' dir='ltr' id='par_1_2' title="bbox 785 155 1210 214">
     <span class='ocr_line' id='line_1_2' title="bbox 785 155 1210 214; baseline 0.026 -11"><span class='ocrx_word' id='word_1_2' title='bbox 785 155 1210 214; x_wconf 87' lang='lat' dir='ltr'><strong>EUNUCHUS.</strong></span> 
     </span>
    </p>
   </div>
   <div class='ocr_carea' id='block_1_3' title="bbox 291 288 1702 366">
    <p class='ocr_par' dir='ltr' id='par_1_3' title="bbox 291 288 1702 366">
     <span class='ocr_line' id='line_1_3' title="bbox 291 288 1702 366; baseline 0.011 -28"><span class='ocrx_word' id='word_1_3' title='bbox 291 293 406 356; x_wconf 75' lang='lat' dir='ltr'><strong>Quo</strong></span> <span class='ocrx_word' id='word_1_4' title='bbox 439 301 590 355; x_wconf 82' lang='lat' dir='ltr'><strong>paeto</strong></span> <span class='ocrx_word' id='word_1_5' title='bbox 619 306 680 338; x_wconf 81' lang='lat' dir='ltr'><strong>ex</strong></span> <span class='ocrx_word' id='word_1_6' title='bbox 706 290 816 340; x_wconf 82' lang='lat' dir='ltr'><strong>iure</strong></span> <span class='ocrx_word' id='word_1_7' title='bbox 853 288 1081 344; x_wconf 79' lang='lat' dir='ltr'><strong>hesterno</strong></span> <span class='ocrx_word' id='word_1_8' title='bbox 1111 297 1176 356; x_wconf 89' lang='grc'><strong>47)</strong></span> <span class='ocrx_word' id='word_1_9' title='bbox 1228 315 1413 364; x_wconf 87' lang='lat' dir='ltr'><strong>panem</strong></span> <span class='ocrx_word' id='word_1_10' title='bbox 1432 303 1610 351; x_wconf 48' lang='lat' dir='ltr'><strong>‘atrum</strong></span> <span class='ocrx_word' id='word_1_11' title='bbox 1639 305 1702 366; x_wconf 71' lang='grc'><strong>48)</strong></span> 
     </span>
    </p>
   </div>
   <div class='ocr_carea' id='block_1_4' title="bbox 650 372 838 408">
    <p class='ocr_par' dir='ltr' id='par_1_4' title="bbox 650 372 838 408">
     <span class='ocr_line' id='line_1_4' title="bbox 650 372 838 408; baseline 0.011 -2"><span class='ocrx_word' id='word_1_12' title='bbox 650 372 838 408; x_wconf 66' lang='lat' dir='ltr'><strong>vorent.</strong></span> 
     </span>
    </p>
   </div>
   <div class='ocr_carea' id='block_1_5' title="bbox 286 417 1702 568">
    <p class='ocr_par' dir='ltr' id='par_1_5' title="bbox 286 417 1702 568">
     <span class='ocr_line' id='line_1_5' title="bbox 286 417 1666 485; baseline 0.008 -11"><span class='ocrx_word' id='word_1_13' title='bbox 286 425 435 474; x_wconf 85' lang='lat' dir='ltr'>Nosse</span> <span class='ocrx_word' id='word_1_14' title='bbox 459 425 628 473; x_wconf 84' lang='lat' dir='ltr'><strong>omnia</strong></span> <span class='ocrx_word' id='word_1_15' title='bbox 651 424 797 485; x_wconf 87' lang='lat' dir='ltr'><strong>haec,</strong></span> <span class='ocrx_word' id='word_1_16' title='bbox 847 426 976 477; x_wconf 80' lang='lat' dir='ltr'><strong>salus</strong></span> <span class='ocrx_word' id='word_1_17' title='bbox 1007 417 1074 478; x_wconf 82' lang='lat' dir='ltr'>est</span> <span class='ocrx_word' id='word_1_18' title='bbox 1105 430 1499 485; x_wconf 83' lang='lat' dir='ltr'>adolescentulis.</span> <span class='ocrx_word' id='word_1_19' title='bbox 1596 471 1598 473; x_wconf 29' lang='grc' dir='ltr'>ψ</span> <span class='ocrx_word' id='word_1_20' title='bbox 1649 476 1666 484; x_wconf 88' lang='grc'>-</span> 
     </span>
     <span class='ocr_line' id='line_1_6' title="bbox 288 491 1702 568; baseline 0.013 -30"><span class='ocrx_word' id='word_1_21' title='bbox 288 497 386 560; x_wconf 60' lang='lat' dir='ltr'><strong>PY7</strong></span> <span class='ocrx_word' id='word_1_22' title='bbox 404 497 506 553; x_wconf 81' lang='lat' dir='ltr'><strong>Ego</strong></span> <span class='ocrx_word' id='word_1_23' title='bbox 525 491 612 559; x_wconf 89' lang='lat' dir='ltr'><strong>pol</strong></span> <span class='ocrx_word' id='word_1_24' title='bbox 635 506 683 541; x_wconf 86' lang='lat' dir='ltr'><strong>te</strong></span> <span class='ocrx_word' id='word_1_25' title='bbox 703 498 766 552; x_wconf 79' lang='grc'><strong>49)</strong></span> <span class='ocrx_word' id='word_1_26' title='bbox 794 513 887 561; x_wconf 84' lang='lat' dir='ltr'><strong>pro</strong></span> <span class='ocrx_word' id='word_1_27' title='bbox 906 497 1006 546; x_wconf 88' lang='lat' dir='ltr'>istis</span> <span class='ocrx_word' id='word_1_28' title='bbox 1031 497 1176 548; x_wconf 87' lang='lat' dir='ltr'><strong>dictis</strong></span> <span class='ocrx_word' id='word_1_29' title='bbox 1198 509 1247 549; x_wconf 73' lang='lat' dir='ltr'><strong>e‘t</strong></span> <span class='ocrx_word' id='word_1_30' title='bbox 1270 501 1427 559; x_wconf 82' lang='lat' dir='ltr'><strong>factis,</strong></span> <span class='ocrx_word' id='word_1_31' title='bbox 1459 503 1617 556; x_wconf 86' lang='lat' dir='ltr'><strong>scelus</strong></span> <span class='ocrx_word' id='word_1_32' title='bbox 1637 510 1702 568; x_wconf 80' lang='lat'><strong>5⁰)</strong></span> 
     </span>
    </p>
   </div>
   <div class='ocr_carea' id='block_1_6' title="bbox 190 560 1456 628">
    <p class='ocr_par' dir='ltr' id='par_1_6' title="bbox 190 560 1456 628">
     <span class='ocr_line' id='line_1_7' title="bbox 190 560 1456 628; baseline 0.009 -19"><span class='ocrx_word' id='word_1_33' title='bbox 190 582 242 609; x_wconf 80' lang='lat'><strong>20</strong></span> <span class='ocrx_word' id='word_1_34' title='bbox 259 560 502 619; x_wconf 82' lang='lat' dir='ltr'>Ulciscar,</span> <span class='ocrx_word' id='word_1_35' title='bbox 539 574 594 609; x_wconf 91' lang='lat' dir='ltr'><strong>ut</strong></span> <span class='ocrx_word' id='word_1_36' title='bbox 615 579 678 609; x_wconf 89' lang='lat' dir='ltr'><strong>ne</strong></span> <span class='ocrx_word' id='word_1_37' title='bbox 698 567 761 622; x_wconf 86' lang='lat'><strong>5¹)</strong></span> <span class='ocrx_word' id='word_1_38' title='bbox 801 564 1006 628; x_wconf 86' lang='lat' dir='ltr'><strong>impune</strong></span> <span class='ocrx_word' id='word_1_39' title='bbox 1030 569 1081 613; x_wconf 90' lang='lat' dir='ltr'><strong>in</strong></span> <span class='ocrx_word' id='word_1_40' title='bbox 1113 585 1207 617; x_wconf 87' lang='lat' dir='ltr'><strong>nos</strong></span> <span class='ocrx_word' id='word_1_41' title='bbox 1231 567 1456 620; x_wconf 85' lang='lat' dir='ltr'><strong>illuseris.</strong></span> 
     </span>
    </p>
   </div>
   <div class='ocr_carea' id='block_1_7' title="bbox 286 628 1743 752">
    <p class='ocr_par' dir='ltr' id='par_1_7' title="bbox 286 628 1743 752">
     <span class='ocr_line' id='line_1_8' title="bbox 286 628 1743 703; baseline 0.005 -28"><span class='ocrx_word' id='word_1_42' title='bbox 286 631 383 677; x_wconf 79' lang='lat' dir='ltr'><strong>Pro</strong></span> <span class='ocrx_word' id='word_1_43' title='bbox 402 634 463 691; x_wconf 82' lang='lat'><strong>5²)</strong></span> <span class='ocrx_word' id='word_1_44' title='bbox 497 630 661 678; x_wconf 90' lang='lat' dir='ltr'><strong>Deum</strong></span> <span class='ocrx_word' id='word_1_45' title='bbox 686 628 843 678; x_wconf 83' lang='lat' dir='ltr'><strong>fidem.</strong></span> <span class='ocrx_word' id='word_1_46' title='bbox 864 633 928 690; x_wconf 81' lang='lat'><strong>53)</strong></span> <span class='ocrx_word' id='word_1_47' title='bbox 963 632 1159 682; x_wconf 80' lang='lat' dir='ltr'><strong>facinus</strong></span> <span class='ocrx_word' id='word_1_48' title='bbox 1187 635 1401 687; x_wconf 85' lang='lat' dir='ltr'><strong>foedum.</strong></span> <span class='ocrx_word' id='word_1_49' title='bbox 1423 642 1484 703; x_wconf 78' lang='lat'><strong>54)</strong></span> <span class='ocrx_word' id='word_1_50' title='bbox 1525 658 1556 691; x_wconf 87' lang='lat'><strong>0</strong></span> <span class='ocrx_word' id='word_1_51' title='bbox 1585 641 1702 692; x_wconf 75' lang='lat' dir='ltr'><strong>infe-</strong></span> <span class='ocrx_word' id='word_1_52' title='bbox 1741 691 1743 696; x_wconf 25' lang='lat'><strong><em>¹</em></strong></span> 
     </span>
     <span class='ocr_line' id='line_1_9' title="bbox 645 695 1246 752; baseline 0.012 -8"><span class='ocrx_word' id='word_1_53' title='bbox 645 695 790 746; x_wconf 83' lang='lat' dir='ltr'><strong>licem</strong></span> <span class='ocrx_word' id='word_1_54' title='bbox 812 697 1246 752; x_wconf 83' lang='lat' dir='ltr'><strong>adolescentulum.</strong></span> 
     </span>
    </p>
   </div>
   <div class='ocr_carea' id='block_1_8' title="bbox 288 762 1013 825">
    <p class='ocr_par' dir='ltr' id='par_1_8' title="bbox 288 762 1013 825">
     <span class='ocr_line' id='line_1_10' title="bbox 288 762 1013 825; baseline 0.004 -13"><span class='ocrx_word' id='word_1_55' title='bbox 288 768 330 812; x_wconf 93' lang='lat' dir='ltr'>O</span> <span class='ocrx_word' id='word_1_56' title='bbox 354 762 600 814; x_wconf 83' lang='lat' dir='ltr'><strong>scelestum</strong></span> <span class='ocrx_word' id='word_1_57' title='bbox 629 767 1013 825; x_wconf 78' lang='lat' dir='ltr'><strong>Parmenonem,</strong></span> 
     </span>
    </p>
   </div>
   <div class='ocr_carea' id='block_1_9' title="bbox 644 835 779 880">
    <p class='ocr_par' dir='ltr' id='par_1_9' title="bbox 644 835 779 880">
     <span class='ocr_line' id='line_1_11' title="bbox 644 835 779 880; baseline 0 0"><span class='ocrx_word' id='word_1_58' title='bbox 644 835 779 880; x_wconf 91' lang='lat' dir='ltr'><strong>PAR.</strong></span> 
     </span>
    </p>
   </div>
   <div class='ocr_carea' id='block_1_10' title="bbox 1067 771 1702 835">
    <p class='ocr_par' dir='ltr' id='par_1_10' title="bbox 1067 771 1702 835">
     <span class='ocr_line' id='line_1_12' title="bbox 1067 771 1702 835; baseline 0.016 -18"><span class='ocrx_word' id='word_1_59' title='bbox 1067 771 1157 835; x_wconf 87' lang='lat' dir='ltr'><strong>qui</strong></span> <span class='ocrx_word' id='word_1_60' title='bbox 1178 771 1324 820; x_wconf 85' lang='lat' dir='ltr'><strong>istum</strong></span> <span class='ocrx_word' id='word_1_61' title='bbox 1349 771 1451 823; x_wconf 86' lang='lat' dir='ltr'><strong>huc</strong></span> <span class='ocrx_word' id='word_1_62' title='bbox 1479 773 1702 826; x_wconf 79' lang='lat' dir='ltr'><strong>adduxit.</strong></span> 
     </span>
    </p>
   </div>
   <div class='ocr_carea' id='block_1_11' title="bbox 284 833 1339 1035">
    <p class='ocr_par' dir='ltr' id='par_1_11' title="bbox 284 833 1339 1035">
     <span class='ocr_line' id='line_1_13' title="bbox 900 834 1070 864; baseline 0.006 -1"><span class='ocrx_word' id='word_1_63' title='bbox 900 834 910 844; x_wconf 69' lang='lat'>⁶</span> <span class='ocrx_word' id='word_1_64' title='bbox 1046 839 1070 864; x_wconf 78' lang='lat'><strong>⁴&gt;</strong></span> 
     </span>
     <span class='ocr_line' id='line_1_14' title="bbox 284 833 1339 968; baseline 0.007 -20"><span class='ocrx_word' id='word_1_65' title='bbox 284 903 377 949; x_wconf 88' lang='lat' dir='ltr'><strong>PY.</strong></span> <span class='ocrx_word' id='word_1_66' title='bbox 411 899 609 949; x_wconf 81' lang='lat' dir='ltr'><strong>Miseret</strong></span> <span class='ocrx_word' id='word_1_67' title='bbox 638 918 728 958; x_wconf 90' lang='lat' dir='ltr'><strong>me,</strong></span> <span class='ocrx_word' id='word_1_68' title='bbox 752 833 1035 968; x_wconf 52' lang='grc' dir='ltr'><strong>6-’5)ρὶῑι1ε1ι(ἐ1ῗὲε</strong></span> <span class='ocrx_word' id='word_1_69' title='bbox 1051 874 1111 952; x_wconf 70' lang='lat' dir='ltr'><strong>ut</strong></span> <span class='ocrx_word' id='word_1_70' title='bbox 1140 922 1202 953; x_wconf 88' lang='lat' dir='ltr'><strong>ne</strong></span> <span class='ocrx_word' id='word_1_71' title='bbox 1227 905 1280 955; x_wconf 88' lang='lat' dir='ltr'><strong>id</strong></span> <span class='ocrx_word' id='word_1_72' title='bbox 1301 909 1339 968; x_wconf 79' lang='lat'><strong>¹¹¹)</strong></span> 
     </span>
     <span class='ocr_line' id='line_1_15' title="bbox 645 967 1242 1035; baseline 0.012 -20"><span class='ocrx_word' id='word_1_73' title='bbox 645 968 749 1016; x_wconf 81' lang='lat' dir='ltr'>sera</span> <span class='ocrx_word' id='word_1_74' title='bbox 782 967 884 1018; x_wconf 85' lang='lat' dir='ltr'><strong>huc</strong></span> <span class='ocrx_word' id='word_1_75' title='bbox 916 970 1066 1035; x_wconf 79' lang='lat' dir='ltr'>effugi</span> <span class='ocrx_word' id='word_1_76' title='bbox 1094 972 1242 1022; x_wconf 82' lang='lat' dir='ltr'><strong>foras.</strong></span> 
     </span>
    </p>
   </div>
   <div class='ocr_carea' id='block_1_12' title="bbox 1373 907 1702 960">
    <p class='ocr_par' dir='ltr' id='par_1_12' title="bbox 1373 907 1702 960">
     <span class='ocr_line' id='line_1_16' title="bbox 1373 907 1702 960; baseline 0.003 -1"><span class='ocrx_word' id='word_1_77' title='bbox 1373 907 1589 959; x_wconf 83' lang='lat' dir='ltr'><strong>viderem</strong></span> <span class='ocrx_word' id='word_1_78' title='bbox 1611 912 1702 960; x_wconf 90' lang='lat' dir='ltr'><strong>mi-</strong></span> 
     </span>
    </p>
   </div>
   <div class='ocr_carea' id='block_1_13' title="bbox 289 1035 1703 1173">
    <p class='ocr_par' dir='ltr' id='par_1_13' title="bbox 289 1035 1703 1173">
     <span class='ocr_line' id='line_1_17' title="bbox 289 1035 1703 1112; baseline 0.008 -28"><span class='ocrx_word' id='word_1_79' title='bbox 289 1039 431 1103; x_wconf 76' lang='lat' dir='ltr'><strong>Quae</strong></span> <span class='ocrx_word' id='word_1_80' title='bbox 452 1036 623 1085; x_wconf 85' lang='lat' dir='ltr'><strong>futura</strong></span> <span class='ocrx_word' id='word_1_81' title='bbox 644 1035 869 1102; x_wconf 82' lang='lat' dir='ltr'><strong>exempla</strong></span> <span class='ocrx_word' id='word_1_82' title='bbox 883 1035 946 1096; x_wconf 82' lang='lat'><strong>56)</strong></span> <span class='ocrx_word' id='word_1_83' title='bbox 983 1040 1159 1089; x_wconf 86' lang='lat' dir='ltr'><strong>dicunt</strong></span> <span class='ocrx_word' id='word_1_84' title='bbox 1178 1041 1231 1089; x_wconf 90' lang='lat' dir='ltr'><strong>in</strong></span> <span class='ocrx_word' id='word_1_85' title='bbox 1253 1059 1368 1091; x_wconf 88' lang='lat' dir='ltr'><strong>eum</strong></span> <span class='ocrx_word' id='word_1_86' title='bbox 1389 1048 1452 1108; x_wconf 83' lang='lat'><strong>⁵7)</strong></span> <span class='ocrx_word' id='word_1_87' title='bbox 1485 1043 1703 1112; x_wconf 84' lang='lat' dir='ltr'><strong>indigna.</strong></span> 
     </span>
     <span class='ocr_line' id='line_1_18' title="bbox 643 1105 1139 1173; baseline 0.01 -22"><span class='ocrx_word' id='word_1_88' title='bbox 643 1105 778 1152; x_wconf 89' lang='lat' dir='ltr'>PAR.</span> <span class='ocrx_word' id='word_1_89' title='bbox 819 1107 861 1152; x_wconf 91' lang='grc' dir='ltr'><strong>Ο</strong></span> <span class='ocrx_word' id='word_1_90' title='bbox 886 1108 1108 1173; x_wconf 85' lang='lat' dir='ltr'><strong>Iuppiter</strong></span> <span class='ocrx_word' id='word_1_91' title='bbox 1136 1138 1139 1142; x_wconf 78' lang='lat'><em>,</em></span> 
     </span>
    </p>
   </div>
   <div class='ocr_carea' id='block_1_14' title="bbox 345 1242 1702 1633">
    <p class='ocr_par' dir='ltr' id='par_1_14' title="bbox 345 1242 1702 1633">
     <span class='ocr_line' id='line_1_19' title="bbox 345 1242 1702 1298; baseline 0.009 -23"><span class='ocrx_word' id='word_1_92' title='bbox 345 1243 410 1291; x_wconf 79' lang='grc'><strong>47)</strong></span> <span class='ocrx_word' id='word_1_93' title='bbox 435 1242 604 1289; x_wconf 84' lang='lat' dir='ltr'><strong>pridiano</strong></span> <span class='ocrx_word' id='word_1_94' title='bbox 651 1243 716 1287; x_wconf 80' lang='grc'><strong>43)</strong></span> <span class='ocrx_word' id='word_1_95' title='bbox 748 1242 890 1288; x_wconf 86' lang='lat' dir='ltr'><strong>nigrum</strong></span> <span class='ocrx_word' id='word_1_96' title='bbox 920 1257 962 1279; x_wconf 85' lang='lat' dir='ltr'><strong>ex</strong></span> <span class='ocrx_word' id='word_1_97' title='bbox 989 1246 1179 1292; x_wconf 78' lang='lat' dir='ltr'><strong>praeterita</strong></span> <span class='ocrx_word' id='word_1_98' title='bbox 1209 1246 1270 1281; x_wconf 84' lang='lat' dir='ltr'><strong>die</strong></span> <span class='ocrx_word' id='word_1_99' title='bbox 1299 1245 1474 1284; x_wconf 82' lang='lat' dir='ltr'><strong>servatum</strong></span> <span class='ocrx_word' id='word_1_100' title='bbox 1533 1250 1600 1297; x_wconf 84' lang='grc'><strong>49)</strong></span> <span class='ocrx_word' id='word_1_101' title='bbox 1638 1265 1702 1298; x_wconf 81' lang='grc' dir='ltr'>ρει·</span> 
     </span>
     <span class='ocr_line' id='line_1_20' title="bbox 390 1299 1701 1352; baseline 0.006 -17"><span class='ocrx_word' id='word_1_102' title='bbox 390 1303 512 1336; x_wconf 87' lang='lat' dir='ltr'><strong>Deum</strong></span> <span class='ocrx_word' id='word_1_103' title='bbox 534 1299 717 1334; x_wconf 76' lang='lat' dir='ltr'><strong>Pollucem</strong></span> <span class='ocrx_word' id='word_1_104' title='bbox 764 1302 830 1346; x_wconf 83' lang='lat'><strong>5⁰)</strong></span> <span class='ocrx_word' id='word_1_105' title='bbox 852 1301 1065 1337; x_wconf 83' lang='lat' dir='ltr'>exclamatio</span> <span class='ocrx_word' id='word_1_106' title='bbox 1107 1305 1171 1349; x_wconf 76' lang='lat'><strong>5¹)</strong></span> <span class='ocrx_word' id='word_1_107' title='bbox 1191 1306 1359 1351; x_wconf 79' lang='lat' dir='ltr'><strong>quatinus</strong></span> <span class='ocrx_word' id='word_1_108' title='bbox 1406 1307 1471 1352; x_wconf 80' lang='lat'><strong>52)</strong></span> <span class='ocrx_word' id='word_1_109' title='bbox 1494 1307 1620 1352; x_wconf 83' lang='lat' dir='ltr'>Pythia</span> <span class='ocrx_word' id='word_1_110' title='bbox 1640 1320 1701 1342; x_wconf 79' lang='lat' dir='ltr'><strong>an-</strong></span> 
     </span>
     <span class='ocr_line' id='line_1_21' title="bbox 392 1357 1700 1404; baseline 0.005 -12"><span class='ocrx_word' id='word_1_111' title='bbox 392 1358 476 1393; x_wconf 79' lang='lat' dir='ltr'><strong>cilla</strong></span> <span class='ocrx_word' id='word_1_112' title='bbox 495 1368 623 1392; x_wconf 85' lang='lat' dir='ltr'><strong>terrere</strong></span> <span class='ocrx_word' id='word_1_113' title='bbox 642 1357 764 1391; x_wconf 87' lang='lat' dir='ltr'><strong>volens</strong></span> <span class='ocrx_word' id='word_1_114' title='bbox 784 1359 1044 1392; x_wconf 83' lang='lat' dir='ltr'><strong>Parmenonem</strong></span> <span class='ocrx_word' id='word_1_115' title='bbox 1065 1359 1274 1394; x_wconf 82' lang='lat' dir='ltr'><strong>redeuntem</strong></span> <span class='ocrx_word' id='word_1_116' title='bbox 1299 1360 1448 1400; x_wconf 84' lang='lat' dir='ltr'><strong>iterum,</strong></span> <span class='ocrx_word' id='word_1_117' title='bbox 1471 1361 1562 1404; x_wconf 73' lang='lat' dir='ltr'><strong>haec</strong></span> <span class='ocrx_word' id='word_1_118' title='bbox 1580 1362 1700 1399; x_wconf 82' lang='lat' dir='ltr'><strong>seeum</strong></span> 
     </span>
     <span class='ocr_line' id='line_1_22' title="bbox 388 1413 1700 1463; baseline 0.003 -12"><span class='ocrx_word' id='word_1_119' title='bbox 388 1414 624 1463; x_wconf 85' lang='lat' dir='ltr'><strong>loquebatur,</strong></span> <span class='ocrx_word' id='word_1_120' title='bbox 657 1413 706 1448; x_wconf 90' lang='lat' dir='ltr'><strong>ita</strong></span> <span class='ocrx_word' id='word_1_121' title='bbox 737 1425 776 1448; x_wconf 91' lang='lat' dir='ltr'><strong>ut</strong></span> <span class='ocrx_word' id='word_1_122' title='bbox 805 1414 866 1449; x_wconf 88' lang='lat' dir='ltr'><strong>ille</strong></span> <span class='ocrx_word' id='word_1_123' title='bbox 895 1416 1070 1450; x_wconf 82' lang='lat' dir='ltr'><strong>Parmeno</strong></span> <span class='ocrx_word' id='word_1_124' title='bbox 1099 1415 1269 1462; x_wconf 80' lang='lat' dir='ltr'><strong>potuiffet</strong></span> <span class='ocrx_word' id='word_1_125' title='bbox 1295 1417 1420 1452; x_wconf 81' lang='lat' dir='ltr'><strong>audire</strong></span> <span class='ocrx_word' id='word_1_126' title='bbox 1438 1429 1473 1454; x_wconf 91' lang='lat' dir='ltr'><strong>et</strong></span> <span class='ocrx_word' id='word_1_127' title='bbox 1498 1418 1700 1461; x_wconf 78' lang='lat' dir='ltr'><strong>fimulabat,</strong></span> 
     </span>
     <span class='ocr_line' id='line_1_23' title="bbox 389 1468 1700 1523; baseline 0.002 -16"><span class='ocrx_word' id='word_1_128' title='bbox 389 1471 487 1521; x_wconf 89' lang='lat' dir='ltr'><strong>quod</strong></span> <span class='ocrx_word' id='word_1_129' title='bbox 508 1471 686 1505; x_wconf 84' lang='lat' dir='ltr'>Chaereas</span> <span class='ocrx_word' id='word_1_130' title='bbox 705 1468 887 1507; x_wconf 78' lang='lat' dir='ltr'><strong>&#39;teneretur</strong></span> <span class='ocrx_word' id='word_1_131' title='bbox 905 1472 941 1506; x_wconf 91' lang='lat' dir='ltr'><strong>in</strong></span> <span class='ocrx_word' id='word_1_132' title='bbox 962 1471 1071 1506; x_wconf 91' lang='lat' dir='ltr'><strong>domo</strong></span> <span class='ocrx_word' id='word_1_133' title='bbox 1093 1472 1290 1507; x_wconf 80' lang='lat' dir='ltr'>constrictis</span> <span class='ocrx_word' id='word_1_134' title='bbox 1310 1472 1463 1519; x_wconf 77' lang='lat' dir='ltr'><strong>pedibus</strong></span> <span class='ocrx_word' id='word_1_135' title='bbox 1508 1476 1574 1523; x_wconf 76' lang='lat'><strong>53)</strong></span> <span class='ocrx_word' id='word_1_136' title='bbox 1594 1477 1700 1513; x_wconf 81' lang='lat' dir='ltr'><strong>testor</strong></span> 
     </span>
     <span class='ocr_line' id='line_1_24' title="bbox 386 1527 1697 1576; baseline 0.006 -15"><span class='ocrx_word' id='word_1_137' title='bbox 386 1533 446 1573; x_wconf 65' lang='lat'><strong>54)</strong></span> <span class='ocrx_word' id='word_1_138' title='bbox 479 1529 612 1563; x_wconf 74' lang='lat' dir='ltr'><strong>factum</strong></span> <span class='ocrx_word' id='word_1_139' title='bbox 640 1528 860 1562; x_wconf 85' lang='lat' dir='ltr'><strong>horrendum</strong></span> <span class='ocrx_word' id='word_1_140' title='bbox 925 1530 989 1575; x_wconf 80' lang='lat'><strong>55)</strong></span> <span class='ocrx_word' id='word_1_141' title='bbox 1023 1527 1265 1564; x_wconf 84' lang='lat' dir='ltr'>misericordia</span> <span class='ocrx_word' id='word_1_142' title='bbox 1294 1542 1414 1567; x_wconf 87' lang='lat' dir='ltr'><strong>movet</strong></span> <span class='ocrx_word' id='word_1_143' title='bbox 1435 1545 1495 1568; x_wconf 85' lang='lat' dir='ltr'><strong>me</strong></span> <span class='ocrx_word' id='word_1_144' title='bbox 1548 1534 1580 1576; x_wconf 77' lang='lat'><strong>⁴¹)</strong></span> <span class='ocrx_word' id='word_1_145' title='bbox 1604 1535 1697 1571; x_wconf 77' lang='lat' dir='ltr'><strong>edit.</strong></span> 
     </span>
     <span class='ocr_line' id='line_1_25' title="bbox 390 1579 1593 1633; baseline -0.002 -9"><span class='ocrx_word' id='word_1_146' title='bbox 390 1590 508 1623; x_wconf 72' lang='lat' dir='ltr'><em>omitt.</em></span> <span class='ocrx_word' id='word_1_147' title='bbox 532 1586 571 1620; x_wconf 90' lang='lat' dir='ltr'><strong>id</strong></span> <span class='ocrx_word' id='word_1_148' title='bbox 595 1586 655 1628; x_wconf 81' lang='lat'><strong>56)</strong></span> <span class='ocrx_word' id='word_1_149' title='bbox 681 1598 878 1633; x_wconf 88' lang='lat' dir='ltr'><strong>poenarum</strong></span> <span class='ocrx_word' id='word_1_150' title='bbox 925 1588 990 1632; x_wconf 72' lang='lat'><strong>57)</strong></span> <span class='ocrx_word' id='word_1_151' title='bbox 1014 1587 1052 1621; x_wconf 89' lang='lat' dir='ltr'><strong>iu</strong></span> <span class='ocrx_word' id='word_1_152' title='bbox 1074 1579 1289 1625; x_wconf 71' lang='lat' dir='ltr'><strong>Chaereani.</strong></span> <span class='ocrx_word' id='word_1_153' title='bbox 1586 1594 1593 1603; x_wconf 72' lang='lat'><strong>&#39;&#39;</strong></span> 
     </span>
    </p>
   </div>
   <div class='ocr_carea' id='block_1_15' title="bbox 908 1682 1088 1691">
    <p class='ocr_par' dir='ltr' id='par_1_15' title="bbox 908 1682 1088 1691">
     <span class='ocr_line' id='line_1_26' title="bbox 908 1682 1088 1691; baseline 0 1409"><span class='ocrx_word' id='word_1_154' title='bbox 908 1682 1088 1691; x_wconf 95' lang='lat' dir='ltr'><strong> </strong></span> 
     </span>
    </p>
   </div>
   <div class='ocr_carea' id='block_1_16' title="bbox 267 1732 952 2810">
    <p class='ocr_par' dir='ltr' id='par_1_16' title="bbox 277 1732 952 2283">
     <span class='ocr_line' id='line_1_27' title="bbox 329 1732 952 1779; baseline 0 -9"><span class='ocrx_word' id='word_1_155' title='bbox 329 1747 382 1779; x_wconf 92' lang='lat'><strong>17.</strong></span> <span class='ocrx_word' id='word_1_156' title='bbox 423 1749 472 1770; x_wconf 75' lang='lat' dir='ltr'><strong>ex</strong></span> <span class='ocrx_word' id='word_1_157' title='bbox 505 1735 586 1769; x_wconf 81' lang='lat' dir='ltr'><strong>iure</strong></span> <span class='ocrx_word' id='word_1_158' title='bbox 618 1732 779 1776; x_wconf 77' lang='lat' dir='ltr'><strong>hesterno</strong></span> <span class='ocrx_word' id='word_1_159' title='bbox 821 1746 952 1773; x_wconf 75' lang='lat' dir='ltr'><strong>panem</strong></span> 
     </span>
     <span class='ocr_line' id='line_1_28' title="bbox 282 1789 951 1836; baseline -0.006 -6"><span class='ocrx_word' id='word_1_160' title='bbox 282 1792 430 1836; x_wconf 80' lang='lat' dir='ltr'><em>atrum]</em></span> <span class='ocrx_word' id='word_1_161' title='bbox 485 1791 508 1824; x_wconf 91' lang='lat' dir='ltr'><strong>i.</strong></span> <span class='ocrx_word' id='word_1_162' title='bbox 537 1804 567 1823; x_wconf 91' lang='lat' dir='ltr'><strong>e.</strong></span> <span class='ocrx_word' id='word_1_163' title='bbox 595 1789 784 1833; x_wconf 81' lang='lat' dir='ltr'><strong>madidum</strong></span> <span class='ocrx_word' id='word_1_164' title='bbox 816 1790 951 1826; x_wconf 69' lang='lat' dir='ltr'><strong>factum</strong></span> 
     </span>
     <span class='ocr_line' id='line_1_29' title="bbox 282 1846 951 1893; baseline -0.004 -8"><span class='ocrx_word' id='word_1_165' title='bbox 282 1851 359 1885; x_wconf 86' lang='lat' dir='ltr'><strong>iure</strong></span> <span class='ocrx_word' id='word_1_166' title='bbox 378 1847 555 1883; x_wconf 81' lang='lat' dir='ltr'><strong>hesterno.</strong></span> <span class='ocrx_word' id='word_1_167' title='bbox 603 1846 664 1880; x_wconf 83' lang='lat' dir='ltr'><strong>Sic</strong></span> <span class='ocrx_word' id='word_1_168' title='bbox 688 1847 951 1893; x_wconf 85' lang='lat' dir='ltr'><strong>praepofitione</strong></span> 
     </span>
     <span class='ocr_line' id='line_1_30' title="bbox 280 1902 949 1952; baseline -0.003 -12"><span class='ocrx_word' id='word_1_169' title='bbox 280 1922 331 1944; x_wconf 76' lang='lat' dir='ltr'><strong>ex</strong></span> <span class='ocrx_word' id='word_1_170' title='bbox 350 1905 455 1952; x_wconf 81' lang='lat' dir='ltr'>saepe</span> <span class='ocrx_word' id='word_1_171' title='bbox 476 1913 627 1937; x_wconf 88' lang='lat' dir='ltr'><strong>utuntur</strong></span> <span class='ocrx_word' id='word_1_172' title='bbox 655 1902 799 1937; x_wconf 90' lang='lat' dir='ltr'><strong>medici.</strong></span> <span class='ocrx_word' id='word_1_173' title='bbox 826 1903 949 1939; x_wconf 83' lang='lat' dir='ltr'>Celsus</span> 
     </span>
     <span class='ocr_line' id='line_1_31' title="bbox 279 1962 950 2007; baseline -0.006 -8"><span class='ocrx_word' id='word_1_174' title='bbox 279 1965 341 1999; x_wconf 85' lang='lat'>111.</span> <span class='ocrx_word' id='word_1_175' title='bbox 371 1974 419 2007; x_wconf 91' lang='lat'><strong>¹9·</strong></span> <span class='ocrx_word' id='word_1_176' title='bbox 442 1964 615 1996; x_wconf 75' lang='lat' dir='ltr'><strong>intr-itum</strong></span> <span class='ocrx_word' id='word_1_177' title='bbox 632 1974 681 1995; x_wconf 76' lang='lat' dir='ltr'><strong>ex</strong></span> <span class='ocrx_word' id='word_1_178' title='bbox 705 1962 793 1996; x_wconf 84' lang='lat' dir='ltr'><strong>vino</strong></span> <span class='ocrx_word' id='word_1_179' title='bbox 828 1973 859 1994; x_wconf 93' lang='lat' dir='ltr'><strong>v.</strong></span> <span class='ocrx_word' id='word_1_180' title='bbox 879 1962 950 1995; x_wconf 85' lang='lat' dir='ltr'><strong>Ta-</strong></span> 
     </span>
     <span class='ocr_line' id='line_1_32' title="bbox 279 2015 950 2066; baseline -0.006 -13"><span class='ocrx_word' id='word_1_181' title='bbox 279 2019 434 2066; x_wconf 80' lang='lat' dir='ltr'><strong>naquill.</strong></span> <span class='ocrx_word' id='word_1_182' title='bbox 464 2016 614 2050; x_wconf 79' lang='lat' dir='ltr'>Fabrum</span> <span class='ocrx_word' id='word_1_183' title='bbox 644 2015 690 2049; x_wconf 86' lang='lat' dir='ltr'><strong>ad</strong></span> <span class='ocrx_word' id='word_1_184' title='bbox 716 2016 753 2050; x_wconf 89' lang='lat' dir='ltr'><strong>h.</strong></span> <span class='ocrx_word' id='word_1_185' title='bbox 785 2016 810 2053; x_wconf 85' lang='lat' dir='ltr'><strong>l.</strong></span> <span class='ocrx_word' id='word_1_186' title='bbox 860 2022 950 2053; x_wconf 72' lang='lat' dir='ltr'><strong>Acer</strong></span> 
     </span>
     <span class='ocr_line' id='line_1_33' title="bbox 278 2072 948 2123; baseline -0.006 -10"><span class='ocrx_word' id='word_1_187' title='bbox 278 2079 389 2123; x_wconf 68' lang='lat' dir='ltr'><em>panis</em></span> <span class='ocrx_word' id='word_1_188' title='bbox 408 2074 457 2109; x_wconf 85' lang='lat' dir='ltr'><strong>est</strong></span> <span class='ocrx_word' id='word_1_189' title='bbox 482 2084 604 2107; x_wconf 84' lang='lat' dir='ltr'><strong>coctus</strong></span> <span class='ocrx_word' id='word_1_190' title='bbox 627 2086 670 2106; x_wconf 91' lang='lat' dir='ltr'><strong>ex</strong></span> <span class='ocrx_word' id='word_1_191' title='bbox 689 2072 823 2113; x_wconf 82' lang='lat' dir='ltr'><strong>farina,</strong></span> <span class='ocrx_word' id='word_1_192' title='bbox 851 2074 948 2109; x_wconf 90' lang='lat' dir='ltr'><strong>unde</strong></span> 
     </span>
     <span class='ocr_line' id='line_1_34' title="bbox 277 2129 949 2179; baseline -0.006 -9"><span class='ocrx_word' id='word_1_193' title='bbox 277 2134 430 2171; x_wconf 69' lang='lat' dir='ltr'><strong>furfures</strong></span> <span class='ocrx_word' id='word_1_194' title='bbox 453 2144 526 2165; x_wconf 88' lang='lat' dir='ltr'><strong>non</strong></span> <span class='ocrx_word' id='word_1_195' title='bbox 546 2130 627 2164; x_wconf 80' lang='lat' dir='ltr'><strong>[unt</strong></span> <span class='ocrx_word' id='word_1_196' title='bbox 638 2129 781 2171; x_wconf 80' lang='lat' dir='ltr'><strong>secreti,</strong></span> <span class='ocrx_word' id='word_1_197' title='bbox 809 2132 867 2166; x_wconf 89' lang='lat' dir='ltr'><strong>cui</strong></span> <span class='ocrx_word' id='word_1_198' title='bbox 886 2145 949 2179; x_wconf 87' lang='lat' dir='ltr'><strong>op-</strong></span> 
     </span>
     <span class='ocr_line' id='line_1_35' title="bbox 277 2187 948 2240; baseline -0.003 -15"><span class='ocrx_word' id='word_1_199' title='bbox 277 2191 429 2240; x_wconf 83' lang='lat' dir='ltr'><strong>ponitur</strong></span> <span class='ocrx_word' id='word_1_200' title='bbox 457 2187 635 2222; x_wconf 74' lang='lat' dir='ltr'><strong>candidus</strong></span> <span class='ocrx_word' id='word_1_201' title='bbox 669 2188 786 2235; x_wconf 74' lang='lat' dir='ltr'><strong>panis.</strong></span> <span class='ocrx_word' id='word_1_202' title='bbox 815 2201 846 2223; x_wconf 71' lang='lat' dir='ltr'><strong>v,</strong></span> <span class='ocrx_word' id='word_1_203' title='bbox 874 2189 948 2223; x_wconf 91' lang='lat' dir='ltr'><strong>Do-</strong></span> 
     </span>
     <span class='ocr_line' id='line_1_36' title="bbox 277 2245 522 2283; baseline -0.008 0"><span class='ocrx_word' id='word_1_204' title='bbox 277 2258 353 2283; x_wconf 84' lang='lat' dir='ltr'><strong>nat.</strong></span> <span class='ocrx_word' id='word_1_205' title='bbox 374 2245 420 2280; x_wconf 85' lang='lat' dir='ltr'><strong>ad</strong></span> <span class='ocrx_word' id='word_1_206' title='bbox 439 2246 476 2280; x_wconf 91' lang='lat' dir='ltr'><strong>h.</strong></span> <span class='ocrx_word' id='word_1_207' title='bbox 497 2245 522 2281; x_wconf 91' lang='lat' dir='ltr'><strong>l.</strong></span> 
     </span>
    </p>

    <p class='ocr_par' dir='ltr' id='par_1_17' title="bbox 267 2302 947 2574">
     <span class='ocr_line' id='line_1_37' title="bbox 327 2302 945 2348; baseline 0 -10"><span class='ocrx_word' id='word_1_208' title='bbox 327 2312 380 2345; x_wconf 81' lang='lat'><strong>18.</strong></span> <span class='ocrx_word' id='word_1_209' title='bbox 415 2303 521 2346; x_wconf 78' lang='lat' dir='ltr'><em>salus</em></span> <span class='ocrx_word' id='word_1_210' title='bbox 554 2304 604 2347; x_wconf 82' lang='lat' dir='ltr'><strong>esc</strong></span> <span class='ocrx_word' id='word_1_211' title='bbox 638 2302 945 2348; x_wconf 73' lang='lat' dir='ltr'><strong>adolesbentulis]</strong></span> 
     </span>
     <span class='ocr_line' id='line_1_38' title="bbox 276 2356 947 2404; baseline -0.001 -9"><span class='ocrx_word' id='word_1_212' title='bbox 276 2359 432 2397; x_wconf 78' lang='lat' dir='ltr'><strong>Bentlei.</strong></span> <span class='ocrx_word' id='word_1_213' title='bbox 465 2356 634 2392; x_wconf 85' lang='lat' dir='ltr'><strong>emendat</strong></span> <span class='ocrx_word' id='word_1_214' title='bbox 644 2359 770 2400; x_wconf 74' lang='lat' dir='ltr'><strong>saluti</strong></span> <span class='ocrx_word' id='word_1_215' title='bbox 787 2362 837 2404; x_wconf 81' lang='lat' dir='ltr'><strong>esc</strong></span> <span class='ocrx_word' id='word_1_216' title='bbox 856 2361 947 2394; x_wconf 86' lang='lat' dir='ltr'><strong>ado·</strong></span> 
     </span>
     <span class='ocr_line' id='line_1_39' title="bbox 275 2414 943 2465; baseline -0.004 -13"><span class='ocrx_word' id='word_1_217' title='bbox 275 2418 499 2465; x_wconf 74' lang='lat' dir='ltr'><strong>lesbenculis.</strong></span> <span class='ocrx_word' id='word_1_218' title='bbox 526 2414 623 2448; x_wconf 86' lang='lat' dir='ltr'><strong>Suet.</strong></span> <span class='ocrx_word' id='word_1_219' title='bbox 651 2414 688 2448; x_wconf 90' lang='lat' dir='ltr'><strong>in</strong></span> <span class='ocrx_word' id='word_1_220' title='bbox 720 2417 807 2460; x_wconf 83' lang='lat' dir='ltr'><strong>Aug.</strong></span> <span class='ocrx_word' id='word_1_221' title='bbox 836 2428 867 2452; x_wconf 79' lang='lat' dir='ltr'><strong>c,</strong></span> <span class='ocrx_word' id='word_1_222' title='bbox 891 2424 943 2459; x_wconf 82' lang='lat'><strong>¹4·</strong></span> 
     </span>
     <span class='ocr_line' id='line_1_40' title="bbox 267 2472 947 2524; baseline -0.006 -14"><span class='ocrx_word' id='word_1_223' title='bbox 267 2476 392 2524; x_wconf 77' lang='lat' dir='ltr'><strong>saluti</strong></span> <span class='ocrx_word' id='word_1_224' title='bbox 406 2474 490 2515; x_wconf 75' lang='lat' dir='ltr'><strong>fuit</strong></span> <span class='ocrx_word' id='word_1_225' title='bbox 516 2472 615 2518; x_wconf 82' lang='lat' dir='ltr'><strong>quod</strong></span> <span class='ocrx_word' id='word_1_226' title='bbox 631 2475 697 2516; x_wconf 80' lang='lat' dir='ltr'><strong>qui</strong></span> <span class='ocrx_word' id='word_1_227' title='bbox 717 2472 947 2516; x_wconf 76' lang='lat' dir='ltr'><strong>desideraba-</strong></span> 
     </span>
     <span class='ocr_line' id='line_1_41' title="bbox 277 2530 768 2574; baseline -0.008 -8"><span class='ocrx_word' id='word_1_228' title='bbox 277 2543 340 2568; x_wconf 78' lang='lat' dir='ltr'><strong>tur</strong></span> <span class='ocrx_word' id='word_1_229' title='bbox 359 2530 540 2574; x_wconf 78' lang='lat' dir='ltr'><strong>appar-uic</strong></span> <span class='ocrx_word' id='word_1_230' title='bbox 560 2530 768 2564; x_wconf 72' lang='lat' dir='ltr'><strong>incolumis.</strong></span> 
     </span>
    </p>

    <p class='ocr_par' dir='ltr' id='par_1_18' title="bbox 267 2583 945 2810">
     <span class='ocr_line' id='line_1_42' title="bbox 327 2583 945 2632; baseline -0.002 -12"><span class='ocrx_word' id='word_1_231' title='bbox 327 2598 379 2632; x_wconf 85' lang='lat'><strong>¹9·</strong></span> <span class='ocrx_word' id='word_1_232' title='bbox 404 2599 472 2630; x_wconf 85' lang='lat' dir='ltr'><strong>pro</strong></span> <span class='ocrx_word' id='word_1_233' title='bbox 501 2587 583 2630; x_wconf 64' lang='lat' dir='ltr'><strong>zss&#39;cis</strong></span> <span class='ocrx_word' id='word_1_234' title='bbox 601 2585 749 2629; x_wconf 79' lang='lat' dir='ltr'><strong>factis]</strong></span> <span class='ocrx_word' id='word_1_235' title='bbox 797 2584 821 2618; x_wconf 91' lang='lat' dir='ltr'><strong>i.</strong></span> <span class='ocrx_word' id='word_1_236' title='bbox 843 2597 872 2618; x_wconf 91' lang='lat' dir='ltr'><strong>e.</strong></span> <span class='ocrx_word' id='word_1_237' title='bbox 894 2583 945 2619; x_wconf 87' lang='lat' dir='ltr'><strong>ita</strong></span> 
     </span>
     <span class='ocr_line' id='line_1_43' title="bbox 276 2640 941 2686; baseline -0.006 -9"><span class='ocrx_word' id='word_1_238' title='bbox 276 2652 319 2677; x_wconf 83' lang='lat' dir='ltr'><strong>ut</strong></span> <span class='ocrx_word' id='word_1_239' title='bbox 337 2641 479 2676; x_wconf 81' lang='lat' dir='ltr'><strong>mereris</strong></span> <span class='ocrx_word' id='word_1_240' title='bbox 497 2653 562 2686; x_wconf 86' lang='lat' dir='ltr'><strong>pro</strong></span> <span class='ocrx_word' id='word_1_241' title='bbox 576 2640 646 2674; x_wconf 88' lang='lat' dir='ltr'><strong>tuis</strong></span> <span class='ocrx_word' id='word_1_242' title='bbox 666 2640 781 2679; x_wconf 82' lang='lat' dir='ltr'>factis,</span> <span class='ocrx_word' id='word_1_243' title='bbox 803 2641 840 2674; x_wconf 88' lang='lat' dir='ltr'><strong>in</strong></span> <span class='ocrx_word' id='word_1_244' title='bbox 853 2641 941 2674; x_wconf 89' lang='lat' dir='ltr'><strong>Hec.</strong></span> 
     </span>
     <span class='ocr_line' id='line_1_44' title="bbox 277 2691 945 2746; baseline -0.003 -13"><span class='ocrx_word' id='word_1_245' title='bbox 277 2699 322 2734; x_wconf 87' lang='lat' dir='ltr'><strong>II.</strong></span> <span class='ocrx_word' id='word_1_246' title='bbox 346 2711 372 2731; x_wconf 93' lang='grc' dir='ltr'><strong>ι.</strong></span> <span class='ocrx_word' id='word_1_247' title='bbox 401 2709 451 2732; x_wconf 79' lang='lat'><strong>¹2.</strong></span> <span class='ocrx_word' id='word_1_248' title='bbox 473 2711 522 2732; x_wconf 86' lang='lat' dir='ltr'><strong>an</strong></span> <span class='ocrx_word' id='word_1_249' title='bbox 540 2691 742 2746; x_wconf 68' lang='lat' dir='ltr'><strong>quidquam</strong></span> <span class='ocrx_word' id='word_1_250' title='bbox 768 2711 836 2741; x_wconf 77' lang='lat' dir='ltr'><strong>pro</strong></span> <span class='ocrx_word' id='word_1_251' title='bbox 864 2699 945 2743; x_wconf 79' lang='lat' dir='ltr'><strong>istis</strong></span> 
     </span>
     <span class='ocr_line' id='line_1_45' title="bbox 267 2752 945 2810; baseline -0.004 -21"><span class='ocrx_word' id='word_1_252' title='bbox 267 2755 394 2800; x_wconf 80' lang='lat' dir='ltr'><strong>saccis</strong></span> <span class='ocrx_word' id='word_1_253' title='bbox 415 2754 571 2810; x_wconf 65' lang='lat' dir='ltr'><strong>dignum</strong></span> <span class='ocrx_word' id='word_1_254' title='bbox 589 2766 626 2791; x_wconf 76' lang='lat' dir='ltr'><strong>te</strong></span> <span class='ocrx_word' id='word_1_255' title='bbox 642 2756 721 2791; x_wconf 80' lang='lat' dir='ltr'><strong>diei</strong></span> <span class='ocrx_word' id='word_1_256' title='bbox 737 2756 854 2800; x_wconf 72' lang='lat' dir='ltr'><strong>potest</strong></span> <span class='ocrx_word' id='word_1_257' title='bbox 869 2752 945 2788; x_wconf 79' lang='lat' dir='ltr'>Sal-</span> 
     </span>
    </p>
   </div>
   <div class='ocr_carea' id='block_1_17' title="bbox 1020 1732 1696 2746">
    <p class='ocr_par' dir='ltr' id='par_1_19' title="bbox 1026 1732 1696 1885">
     <span class='ocr_line' id='line_1_46' title="bbox 1028 1732 1695 1784; baseline 0 -16"><span class='ocrx_word' id='word_1_258' title='bbox 1028 1733 1108 1768; x_wconf 84' lang='lat' dir='ltr'><strong>lust.</strong></span> <span class='ocrx_word' id='word_1_259' title='bbox 1142 1732 1180 1767; x_wconf 73' lang='lat' dir='ltr'><strong>in</strong></span> <span class='ocrx_word' id='word_1_260' title='bbox 1203 1732 1375 1767; x_wconf 67' lang='lat' dir='ltr'><strong>catil-&#39;c-</strong></span> <span class='ocrx_word' id='word_1_261' title='bbox 1395 1741 1454 1776; x_wconf 77' lang='grc'><strong>51.</strong></span> <span class='ocrx_word' id='word_1_262' title='bbox 1473 1735 1515 1779; x_wconf 83' lang='lat' dir='ltr'><strong><em>fi</em></strong></span> <span class='ocrx_word' id='word_1_263' title='bbox 1537 1736 1695 1784; x_wconf 72' lang='lat' dir='ltr'><strong>dignum</strong></span> 
     </span>
     <span class='ocr_line' id='line_1_47' title="bbox 1026 1791 1696 1838; baseline 0.009 -13"><span class='ocrx_word' id='word_1_264' title='bbox 1026 1804 1146 1835; x_wconf 80' lang='lat' dir='ltr'><strong>poena</strong></span> <span class='ocrx_word' id='word_1_265' title='bbox 1169 1805 1239 1834; x_wconf 79' lang='lat' dir='ltr'><strong>pro</strong></span> <span class='ocrx_word' id='word_1_266' title='bbox 1257 1791 1380 1832; x_wconf 79' lang='lat' dir='ltr'><strong>factis</strong></span> <span class='ocrx_word' id='word_1_267' title='bbox 1410 1805 1534 1828; x_wconf 85' lang='lat' dir='ltr'><strong>eorum</strong></span> <span class='ocrx_word' id='word_1_268' title='bbox 1559 1797 1696 1838; x_wconf 82' lang='lat' dir='ltr'><strong>reperi-</strong></span> 
     </span>
     <span class='ocr_line' id='line_1_48' title="bbox 1028 1846 1446 1885; baseline -0.002 -2"><span class='ocrx_word' id='word_1_269' title='bbox 1028 1859 1108 1885; x_wconf 74' lang='lat' dir='ltr'><strong>tur,</strong></span> <span class='ocrx_word' id='word_1_270' title='bbox 1136 1846 1198 1881; x_wconf 85' lang='lat' dir='ltr'><strong>ubi</strong></span> <span class='ocrx_word' id='word_1_271' title='bbox 1219 1858 1249 1880; x_wconf 87' lang='lat' dir='ltr'><strong>v.</strong></span> <span class='ocrx_word' id='word_1_272' title='bbox 1266 1847 1446 1882; x_wconf 86' lang='lat' dir='ltr'><strong>Cortium.</strong></span> 
     </span>
    </p>

    <p class='ocr_par' dir='ltr' id='par_1_20' title="bbox 1023 1895 1695 2281">
     <span class='ocr_line' id='line_1_49' title="bbox 1071 1895 1695 1958; baseline 0.003 -20"><span class='ocrx_word' id='word_1_273' title='bbox 1071 1912 1115 1946; x_wconf 79' lang='lat'><strong>23</strong></span> <span class='ocrx_word' id='word_1_274' title='bbox 1135 1907 1263 1953; x_wconf 77' lang='lat' dir='ltr'><strong>itaque</strong></span> <span class='ocrx_word' id='word_1_275' title='bbox 1279 1915 1319 1939; x_wconf 78' lang='lat' dir='ltr'><strong>ue</strong></span> <span class='ocrx_word' id='word_1_276' title='bbox 1336 1918 1380 1939; x_wconf 86' lang='lat' dir='ltr'><strong>ne</strong></span> <span class='ocrx_word' id='word_1_277' title='bbox 1395 1895 1601 1958; x_wconf 64' lang='lat' dir='ltr'><strong>videremj&#39;</strong></span> <span class='ocrx_word' id='word_1_278' title='bbox 1625 1905 1695 1940; x_wconf 84' lang='lat' dir='ltr'><strong>Re-</strong></span> 
     </span>
     <span class='ocr_line' id='line_1_50' title="bbox 1027 1959 1691 1996; baseline 0.002 -2"><span class='ocrx_word' id='word_1_279' title='bbox 1027 1970 1083 1994; x_wconf 89' lang='lat' dir='ltr'>cte</span> <span class='ocrx_word' id='word_1_280' title='bbox 1107 1961 1271 1995; x_wconf 88' lang='lat' dir='ltr'><strong>Perizon.</strong></span> <span class='ocrx_word' id='word_1_281' title='bbox 1303 1960 1348 1994; x_wconf 79' lang='lat' dir='ltr'><strong>ad</strong></span> <span class='ocrx_word' id='word_1_282' title='bbox 1374 1959 1520 1994; x_wconf 73' lang='lat' dir='ltr'><strong>Sanctii&#39;</strong></span> <span class='ocrx_word' id='word_1_283' title='bbox 1537 1961 1691 1996; x_wconf 71' lang='lat' dir='ltr'><strong>Minerv&#39;.</strong></span> 
     </span>
     <span class='ocr_line' id='line_1_51' title="bbox 1024 2017 1690 2063; baseline 0.002 -12"><span class='ocrx_word' id='word_1_284' title='bbox 1024 2018 1088 2051; x_wconf 90' lang='lat' dir='ltr'><strong>IV.</strong></span> <span class='ocrx_word' id='word_1_285' title='bbox 1112 2029 1163 2050; x_wconf 92' lang='grc' dir='ltr'><strong>ιι.</strong></span> <span class='ocrx_word' id='word_1_286' title='bbox 1194 2030 1228 2063; x_wconf 88' lang='lat' dir='ltr'><strong>p.</strong></span> <span class='ocrx_word' id='word_1_287' title='bbox 1247 2025 1323 2062; x_wconf 79' lang='lat'>723.</span> <span class='ocrx_word' id='word_1_288' title='bbox 1345 2017 1533 2063; x_wconf 81' lang='lat' dir='ltr'><strong>coniungit</strong></span> <span class='ocrx_word' id='word_1_289' title='bbox 1555 2019 1690 2058; x_wconf 54' lang='lat' dir='ltr'><strong>omnia,</strong></span> 
     </span>
     <span class='ocr_line' id='line_1_52' title="bbox 1025 2072 1693 2119; baseline 0.004 -12"><span class='ocrx_word' id='word_1_290' title='bbox 1025 2084 1060 2107; x_wconf 90' lang='lat' dir='ltr'><strong>et</strong></span> <span class='ocrx_word' id='word_1_291' title='bbox 1089 2072 1163 2107; x_wconf 85' lang='lat' dir='ltr'><strong>fine</strong></span> <span class='ocrx_word' id='word_1_292' title='bbox 1190 2073 1471 2119; x_wconf 83' lang='lat' dir='ltr'><strong>interrogatione</strong></span> <span class='ocrx_word' id='word_1_293' title='bbox 1497 2073 1601 2108; x_wconf 80' lang='lat' dir='ltr'><strong>verba</strong></span> <span class='ocrx_word' id='word_1_294' title='bbox 1627 2089 1693 2111; x_wconf 80' lang='lat' dir='ltr'><strong>ex-</strong></span> 
     </span>
     <span class='ocr_line' id='line_1_53' title="bbox 1023 2131 1689 2177; baseline 0.003 -12"><span class='ocrx_word' id='word_1_295' title='bbox 1023 2133 1145 2176; x_wconf 84' lang='lat' dir='ltr'><strong>empla</strong></span> <span class='ocrx_word' id='word_1_296' title='bbox 1184 2132 1344 2177; x_wconf 78' lang='lat' dir='ltr'><strong>indigna</strong></span> <span class='ocrx_word' id='word_1_297' title='bbox 1369 2143 1463 2177; x_wconf 83' lang='lat' dir='ltr'><strong>quae</strong></span> <span class='ocrx_word' id='word_1_298' title='bbox 1495 2131 1623 2169; x_wconf 64' lang='lat' dir='ltr'><strong>die&#39;izm</strong></span> <span class='ocrx_word' id='word_1_299' title='bbox 1649 2134 1689 2167; x_wconf 79' lang='grc' dir='ltr'><strong>ἰιι</strong></span> 
     </span>
     <span class='ocr_line' id='line_1_54' title="bbox 1023 2186 1687 2232; baseline 0.003 -10"><span class='ocrx_word' id='word_1_300' title='bbox 1023 2202 1102 2222; x_wconf 82' lang='lat' dir='ltr'><strong>eum</strong></span> <span class='ocrx_word' id='word_1_301' title='bbox 1118 2189 1260 2232; x_wconf 76' lang='lat' dir='ltr'><strong>futura</strong></span> <span class='ocrx_word' id='word_1_302' title='bbox 1286 2186 1394 2222; x_wconf 80' lang='lat' dir='ltr'>refert</span> <span class='ocrx_word' id='word_1_303' title='bbox 1432 2186 1478 2221; x_wconf 79' lang='lat' dir='ltr'><strong>ad</strong></span> <span class='ocrx_word' id='word_1_304' title='bbox 1511 2190 1687 2228; x_wconf 79' lang='lat' dir='ltr'><strong>viderem.</strong></span> 
     </span>
     <span class='ocr_line' id='line_1_55' title="bbox 1023 2241 1472 2281; baseline 0.002 -4"><span class='ocrx_word' id='word_1_305' title='bbox 1023 2253 1058 2277; x_wconf 88' lang='lat' dir='ltr'><strong>et</strong></span> <span class='ocrx_word' id='word_1_306' title='bbox 1075 2241 1123 2277; x_wconf 87' lang='lat' dir='ltr'><strong>fic</strong></span> <span class='ocrx_word' id='word_1_307' title='bbox 1142 2243 1258 2278; x_wconf 86' lang='lat' dir='ltr'><strong>edidit</strong></span> <span class='ocrx_word' id='word_1_308' title='bbox 1276 2244 1472 2281; x_wconf 72' lang='lat' dir='ltr'><strong>Bentleius.</strong></span> 
     </span>
    </p>

    <p class='ocr_par' dir='ltr' id='par_1_21' title="bbox 1020 2301 1688 2746">
     <span class='ocr_line' id='line_1_56' title="bbox 1067 2301 1688 2344; baseline 0.005 -10"><span class='ocrx_word' id='word_1_309' title='bbox 1067 2306 1123 2342; x_wconf 75' lang='lat'><strong>24.</strong></span> <span class='ocrx_word' id='word_1_310' title='bbox 1147 2302 1342 2344; x_wconf 75' lang='lat' dir='ltr'><strong>exempla]</strong></span> <span class='ocrx_word' id='word_1_311' title='bbox 1375 2302 1506 2344; x_wconf 80' lang='lat' dir='ltr'><strong>facere</strong></span> <span class='ocrx_word' id='word_1_312' title='bbox 1525 2302 1589 2337; x_wconf 79' lang='lat' dir='ltr'><strong>vel</strong></span> <span class='ocrx_word' id='word_1_313' title='bbox 1606 2301 1688 2336; x_wconf 83' lang='lat' dir='ltr'><strong>ede-</strong></span> 
     </span>
     <span class='ocr_line' id='line_1_57' title="bbox 1021 2356 1688 2406; baseline -0.004 -13"><span class='ocrx_word' id='word_1_314' title='bbox 1021 2371 1061 2393; x_wconf 88' lang='lat' dir='ltr'><strong>re</strong></span> <span class='ocrx_word' id='word_1_315' title='bbox 1080 2361 1287 2402; x_wconf 77' lang='lat' dir='ltr'><strong>exemplum</strong></span> <span class='ocrx_word' id='word_1_316' title='bbox 1312 2361 1352 2393; x_wconf 86' lang='lat' dir='ltr'><strong>in</strong></span> <span class='ocrx_word' id='word_1_317' title='bbox 1373 2360 1532 2406; x_wconf 83' lang='lat' dir='ltr'><strong>aliquem</strong></span> <span class='ocrx_word' id='word_1_318' title='bbox 1559 2356 1688 2404; x_wconf 80' lang='lat' dir='ltr'>fignifi-</span> 
     </span>
     <span class='ocr_line' id='line_1_58' title="bbox 1022 2411 1688 2463; baseline 0 -16"><span class='ocrx_word' id='word_1_319' title='bbox 1022 2424 1078 2448; x_wconf 85' lang='lat' dir='ltr'><strong>cat</strong></span> <span class='ocrx_word' id='word_1_320' title='bbox 1098 2426 1199 2459; x_wconf 81' lang='lat' dir='ltr'><strong>grave</strong></span> <span class='ocrx_word' id='word_1_321' title='bbox 1217 2414 1416 2463; x_wconf 86' lang='lat' dir='ltr'><strong>supplicum</strong></span> <span class='ocrx_word' id='word_1_322' title='bbox 1435 2414 1480 2449; x_wconf 86' lang='lat' dir='ltr'><strong>de</strong></span> <span class='ocrx_word' id='word_1_323' title='bbox 1499 2413 1620 2460; x_wconf 77' lang='lat' dir='ltr'><strong>aliquo</strong></span> <span class='ocrx_word' id='word_1_324' title='bbox 1634 2411 1688 2447; x_wconf 81' lang='lat' dir='ltr'><strong>su·</strong></span> 
     </span>
     <span class='ocr_line' id='line_1_59' title="bbox 1021 2470 1686 2518; baseline 0 -15"><span class='ocrx_word' id='word_1_325' title='bbox 1021 2483 1136 2508; x_wconf 84' lang='lat' dir='ltr'><strong>mere,</strong></span> <span class='ocrx_word' id='word_1_326' title='bbox 1169 2481 1208 2505; x_wconf 91' lang='lat' dir='ltr'><strong>ut</strong></span> <span class='ocrx_word' id='word_1_327' title='bbox 1234 2471 1310 2505; x_wconf 79' lang='lat' dir='ltr'><strong>eius</strong></span> <span class='ocrx_word' id='word_1_328' title='bbox 1331 2483 1449 2518; x_wconf 82' lang='lat' dir='ltr'><strong>poena</strong></span> <span class='ocrx_word' id='word_1_329' title='bbox 1469 2470 1549 2505; x_wconf 76' lang='lat' dir='ltr'><strong>aliis</strong></span> <span class='ocrx_word' id='word_1_330' title='bbox 1570 2479 1686 2504; x_wconf 83' lang='lat' dir='ltr'><strong>&#39;exem-</strong></span> 
     </span>
     <span class='ocr_line' id='line_1_60' title="bbox 1020 2526 1684 2575; baseline -0.005 -13"><span class='ocrx_word' id='word_1_331' title='bbox 1020 2529 1121 2575; x_wconf 85' lang='lat' dir='ltr'><strong>plum</strong></span> <span class='ocrx_word' id='word_1_332' title='bbox 1151 2527 1204 2562; x_wconf 87' lang='lat' dir='ltr'><strong>fit.</strong></span> <span class='ocrx_word' id='word_1_333' title='bbox 1233 2526 1333 2562; x_wconf 69' lang='lat' dir='ltr'><strong>Caes.</strong></span> <span class='ocrx_word' id='word_1_334' title='bbox 1367 2527 1412 2561; x_wconf 91' lang='lat' dir='ltr'><strong>de</strong></span> <span class='ocrx_word' id='word_1_335' title='bbox 1433 2528 1473 2562; x_wconf 85' lang='lat' dir='ltr'><strong>B.</strong></span> <span class='ocrx_word' id='word_1_336' title='bbox 1494 2526 1543 2563; x_wconf 91' lang='lat' dir='ltr'><strong>G.</strong></span> <span class='ocrx_word' id='word_1_337' title='bbox 1569 2527 1596 2560; x_wconf 92' lang='lat'><strong>1.</strong></span> <span class='ocrx_word' id='word_1_338' title='bbox 1627 2533 1684 2568; x_wconf 82' lang='lat'><strong>31.</strong></span> 
     </span>
     <span class='ocr_line' id='line_1_61' title="bbox 1020 2585 1686 2629; baseline -0.005 -9"><span class='ocrx_word' id='word_1_339' title='bbox 1020 2588 1061 2620; x_wconf 88' lang='lat' dir='ltr'><strong>in</strong></span> <span class='ocrx_word' id='word_1_340' title='bbox 1072 2599 1133 2620; x_wconf 84' lang='lat' dir='ltr'><strong>eos</strong></span> <span class='ocrx_word' id='word_1_341' title='bbox 1149 2587 1276 2620; x_wconf 82' lang='lat' dir='ltr'><strong>onmia</strong></span> <span class='ocrx_word' id='word_1_342' title='bbox 1294 2587 1464 2629; x_wconf 74' lang='lat' dir='ltr'><strong>exempla</strong></span> <span class='ocrx_word' id='word_1_343' title='bbox 1482 2585 1686 2619; x_wconf 75' lang='lat' dir='ltr'><strong>cruciatus-</strong></span> 
     </span>
     <span class='ocr_line' id='line_1_62' title="bbox 1020 2641 1682 2687; baseline -0.005 -11"><span class='ocrx_word' id='word_1_344' title='bbox 1020 2655 1088 2687; x_wconf 82' lang='lat' dir='ltr'><strong>que</strong></span> <span class='ocrx_word' id='word_1_345' title='bbox 1112 2642 1229 2677; x_wconf 83' lang='lat' dir='ltr'><strong>edere.</strong></span> <span class='ocrx_word' id='word_1_346' title='bbox 1258 2641 1350 2675; x_wconf 67' lang='lat' dir='ltr'><strong>inira</strong></span> <span class='ocrx_word' id='word_1_347' title='bbox 1377 2641 1420 2675; x_wconf 88' lang='lat' dir='ltr'><strong>V.</strong></span> <span class='ocrx_word' id='word_1_348' title='bbox 1451 2641 1484 2675; x_wconf 90' lang='lat'><strong>6.</strong></span> <span class='ocrx_word' id='word_1_349' title='bbox 1507 2650 1561 2674; x_wconf 68' lang='grc' dir='ltr'><strong>ιι.</strong></span> <span class='ocrx_word' id='word_1_350' title='bbox 1583 2650 1682 2675; x_wconf 83' lang='lat' dir='ltr'><strong>uter-</strong></span> 
     </span>
     <span class='ocr_line' id='line_1_63' title="bbox 1020 2687 1684 2746; baseline -0.005 -13"><span class='ocrx_word' id='word_1_351' title='bbox 1020 2712 1090 2746; x_wconf 83' lang='lat' dir='ltr'><strong>que</strong></span> <span class='ocrx_word' id='word_1_352' title='bbox 1105 2699 1145 2732; x_wconf 88' lang='lat' dir='ltr'><strong>in</strong></span> <span class='ocrx_word' id='word_1_353' title='bbox 1167 2687 1204 2733; x_wconf 68' lang='lat' dir='ltr'><strong>te</strong></span> <span class='ocrx_word' id='word_1_354' title='bbox 1219 2700 1425 2743; x_wconf 75' lang='lat' dir='ltr'><strong>exemplum</strong></span> <span class='ocrx_word' id='word_1_355' title='bbox 1443 2697 1537 2732; x_wconf 75' lang='lat' dir='ltr'><strong>edet.</strong></span> <span class='ocrx_word' id='word_1_356' title='bbox 1555 2708 1587 2730; x_wconf 78' lang='lat' dir='ltr'><strong>V.</strong></span> <span class='ocrx_word' id='word_1_357' title='bbox 1606 2695 1684 2728; x_wconf 87' lang='lat' dir='ltr'><strong>Do-</strong></span> 
     </span>
    </p>
   </div>
   <div class='ocr_carea' id='block_1_18' title="bbox 1019 2751 1682 2790">
    <p class='ocr_par' dir='ltr' id='par_1_22' title="bbox 1019 2751 1682 2790">
     <span class='ocr_line' id='line_1_64' title="bbox 1019 2751 1682 2790; baseline -0.003 -3"><span class='ocrx_word' id='word_1_358' title='bbox 1019 2763 1094 2789; x_wconf 87' lang='lat' dir='ltr'><strong>nat.</strong></span> <span class='ocrx_word' id='word_1_359' title='bbox 1126 2752 1172 2787; x_wconf 83' lang='lat' dir='ltr'><strong>ad</strong></span> <span class='ocrx_word' id='word_1_360' title='bbox 1199 2752 1237 2787; x_wconf 89' lang='lat' dir='ltr'><strong>h.</strong></span> <span class='ocrx_word' id='word_1_361' title='bbox 1268 2753 1293 2788; x_wconf 85' lang='lat' dir='ltr'><strong>l.</strong></span> <span class='ocrx_word' id='word_1_362' title='bbox 1314 2765 1349 2790; x_wconf 90' lang='lat' dir='ltr'><strong>et</strong></span> <span class='ocrx_word' id='word_1_363' title='bbox 1375 2753 1422 2788; x_wconf 73' lang='lat' dir='ltr'><strong>ad</strong></span> <span class='ocrx_word' id='word_1_364' title='bbox 1445 2752 1589 2788; x_wconf 83' lang='lat' dir='ltr'><strong>Phorm.</strong></span> <span class='ocrx_word' id='word_1_365' title='bbox 1615 2751 1682 2787; x_wconf 86' lang='lat' dir='ltr'><strong>IV.</strong></span> 
     </span>
    </p>
   </div>
  </div>
 </body>
</html>
