1780 3100
633 167 794 211 Ἀετ.
827 164 901 210 IV.

970 163 1214 213 San.L

66 329 72 334 ›
146 299 435 354 25Habeas.
474 302 514 362 ¹)
578 296 730 348 PAM.
774 298 1018 348 Habeam.
1047 302 1088 360 *)
1119 298 1210 348 Ah.
1260 300 1458 358 Nescis,
1489 318 1650 368 quan·
1713 310 1715 313 “

201 414 206 422 ,
563 370 642 417 tis
667 368 720 416 in
743 367 889 416 malis
909 369 1070 417 verset·
1096 371 1136 429 2>
1170 369 1238 416 mi
1245 369 1325 426 fer,

217 437 555 508 Quantasque
574 436 658 486 hic
688 436 788 485 suis
822 435 1039 486 confiliis
1076 437 1201 486 mihi
1233 436 1450 487 confecit
1479 424 1650 486 sollici-

579 504 780 554 tudines

175 591 177 594 ·
217 578 369 626 Meus
393 573 640 626 camisex!
668 576 709 633 5)
753 576 851 620 CH.
874 572 999 639 quid
1020 573 1146 623 istuc
1166 586 1268 621 tam
1290 572 1475 621 mirum
1500 572 1581 630 est,
1607 573 1651 631 4)

432 659 435 661 ·
581 642 643 691 de
670 655 719 690 te
742 639 776 689 fi
803 640 1087 707 exemplum
1117 643 1288 708 capit?

144 719 159 726 ²
217 715 369 763 PAM.
401 709 557 761 Haud
580 711 706 759 istuc
731 709 886 767 dicas,
906 708 940 757 fi
957 711 1196 777 cognoris
1215 708 1295 760 vel
1322 727 1401 758 me
1424 707 1506 759 vel
1519 725 1651 758 amo-

584 796 690 827 rem
710 795 890 826 meum.

219 851 641 916 Scio,oumpat1·e
664 845 910 895 altercasti
925 845 1134 905 dudum,
1158 860 1211 896 et
1231 847 1273 896 is
1300 848 1345 907 5)
1376 863 1518 895 nunc
1539 862 1651 912 pro-
1716 842 1719 843 ⁷

583 929 756 983 pterea
785 913 881 963 tibi

147 995 203 1040 30
218 982 499 1044 Succenset,
523 982 564 1045 6)
596 1002 692 1032 nec
721 997 771 1032 te
797 983 964 1050 quivit
995 981 1150 1032 hodie
1186 1001 1388 1050 cogere,
1431 980 1569 1030 illam
1595 994 1657 1030 ut

507 1063 509 1068 ⁴
583 1051 810 1101 duceres.

218 1116 372 1178 PAM.
402 1125 560 1171 Immo
594 1121 744 1176 otiam
774 1136 879 1185 quo
916 1132 975 1166 tu
1005 1118 1174 1166 minus
1201 1118 1242 1177 7)
1297 1118 1390 1168 scis
1416 1121 1456 1183 8)
1513 1135 1653 1169 aeru-

579 1205 725 1236 mnas
759 1204 909 1235 meas.
936 1188 978 1246 9)

222 1263 335 1314 Hae
361 1257 580 1324 nuptiae»
602 1274 707 1304 non
738 1254 1122 1324 apparabantur
1151 1251 1288 1313 mihi,

284 1412 324 1459 1)
347 1408 448 1445 illam
495 1407 534 1456 ⁴¹)
557 1408 649 1444 edit.
671 1420 751 1442 cum
761 1405 880 1453 signo
901 1408 1033 1443 interr.
1083 1410 1119 1448 2)
1146 1419 1213 1453 ego
1262 1408 1304 1454 3)
1329 1407 1453 1442 Davus
1510 1408 1554 1454 4)
1579 1408 1654 1442 Da-

327 1480 410 1502 vum
442 1463 513 1501 elle
537 1465 706 1500 fallacem
772 1469 809 1507 5)
836 1476 938 1512 pater
991 1465 1035 1511 6)
1060 1464 1170 1500 iratus
1191 1464 1242 1501 est
1298 1464 1340 1511 7)
1364 1475 1502 1512 quanto
1531 1466 1655 1503 minus

327 1525 372 1576 8)
395 1524 485 1560 [cias
531 1527 576 1570 9)
601 1535 667 1570 ego
693 1521 814 1556 dicam
834 1521 916 1558 tibi.

271 1705 330 1743 25.
375 1695 541 1740 habeas]
609 1693 767 1729 formura
812 1693 902 1732 eius,

228 1755 293 1802 qui
313 1752 403 1801 quid
422 1765 504 1787 cum
523 1752 575 1786 ira
594 1763 630 1797 ct
648 1752 902 1798 indignatione

228 1809 412 1859 concedit.
437 1809 531 1844 intra
560 1810 608 1843 V.
636 1818 669 1852 3.
707 1819 759 1852 18.
787 1813 900 1846 immo

227 1869 372 1918 Italic—nc.
400 1870 556 1906 valeat,
585 1870 699 1903 vivae
721 1869 904 1905 camilla.

225 1925 377 1972 Sueten.
410 1920 620 1959 inu-caelat.
649 1938 678 1959 ο.
714 1938 743 1959 1.
773 1928 901 1962 vince-

226 1995 312 2021 rent
337 1983 473 2029 acfibi
500 1983 688 2019 haberent.
709 1995 741 2016 v.
764 1984 903 2020 Donat.

229 2039 276 2077 ad
291 2037 333 2076 h.
352 2039 378 2074 l.

273 2098 332 2133 26.
363 2085 548 2141 confi-cii]
598 2094 820 2130 observanda
854 2094 906 2132 cst

228 2155 427 2191 modorum
444 2152 596 2189 variatio
611 2158 748 2201 versi-r.
775 2163 810 2188 et
821 2167 906 2189 con-

221 2215 321 2259 fecit
341 2226 407 2261 pro
427 2212 654 2256 confecerit,
689 2209 906 2245 accuratissi-

231 2271 302 2305 mis
335 2269 446 2305 etiam
489 2266 720 2316 scriptoribus
764 2268 905 2303 usitata.

231 2328 311 2364 Liv.
331 2327 533 2362 XXXVIII.
557 2333 612 2368 33.
632 2340 707 2361 non
727 2328 906 2372 quiasal-

232 2400 304 2422 vos
321 2386 459 2423 vellet,
478 2385 550 2430 sed
567 2385 655 2432 quia
673 2386 797 2428 perire
817 2397 906 2421 cau·

224 2445 272 2491 sa
290 2444 438 2478 indicta
463 2442 624 2478 nolebat.
641 2453 676 2474 v.
695 2442 838 2477 Duker.
860 2442 908 2478 ad

234 2500 332 2536 Flor.
360 2500 405 2534 11.
439 2506 491 2541 15.
519 2511 555 2546 p.
585 2505 665 2541 415.
688 2499 836 2534 ctCort.
860 2499 908 2534 ad

233 2556 378 2592 Sallust.
415 2556 452 2591 in
477 2554 650 2602 Iugurtha
677 2568 708 2590 c.
734 2562 768 2600 4.
783 2557 908 2602 'confi-

234 2628 314 2651 me
341 2614 492 2661 ponitur
510 2626 575 2660 pro
597 2613 910 2659 fimplicisacere.

236 2672 275 2707 in
289 2672 422 2706 Heaut.
442 2672 489 2705 V.
510 2678 544 2711 3.
569 2683 598 2705 1.
622 2673 773 2719 aliquid
789 2684 909 2719 gnato

237 2730 416 2774 conficies
440 2729 542 2763 mali.

283 2799 338 2832 27.
362 2787 407 2822 de
423 2798 459 2823 ce
473 2788 681 2832 exemptum
699 2785 816 2832 capit]
838 2785 866 2820 i.
879 2798 911 2825 e.

980 1692 1078 1728 idem
1102 1693 1190 1729 fucit
1209 1693 1310 1742 quod
1329 1704 1389 1733 tu,
1423 1703 1459 1728 te
1480 1692 1654 1728 imitatur.

978 1751 1096 1786 Plaut.
1128 1752 1166 1786 in
1195 1748 1304 1788 Most.
1333 1753 1396 1786 111.
1425 1763 1459 1785 2.
1490 1763 1544 1795 7¹·
1569 1750 1659 1786 hinc

978 1811 1189 1853 exemplum
1223 1822 1355 1856 capere
1389 1811 1476 1844 vult
1519 1807 1556 1841 in
1586 1806 1655 1842 Ad.

976 1867 1038 1903 111.
1059 1875 1090 1909 3.
1110 1868 1166 1902 62.
1187 1882 1236 1903 ex
1261 1868 1353 1903 aliis
1370 1866 1580 1910 exemplum
1590 1869 1656 1912 fu-

978 1938 1077 1960 mere
1087 1925 1178 1970 fibi.

1028 1996 1085 2030 29.
1126 1981 1344 2029 altercasti]
1408 1981 1556 2028 antique
1590 1993 1657 2027 pro

981 2045 1186 2078 altercatus
1214 2055 1263 2076 es.
1303 2041 1494 2075 Alter-cari
1514 2039 1658 2085 proprie

983 2100 1033 2135 est
1057 2098 1203 2133 alternis
1222 2098 1339 2145 loqui,
1361 2097 1470 2131 etiam
1492 2094 1567 2130 fine
1589 2096 1660 2131 iur-

982 2158 1055 2204 gio.
1092 2155 1223 2190 Caesar
1259 2155 1305 2189 de
1348 2155 1392 2188 Β.
1430 2154 1473 2189 C.
1502 2154 1563 2189 111.
1604 2166 1657 2199 17.

982 2228 1016 2249 v.
1047 2215 1201 2248 Gesner.
1224 2211 1262 2245 in
1289 2210 1400 2249 Thes.
1421 2211 1484 2246 lat.
1513 2210 1659 2256 linguae

982 2271 1055 2307 hac
1094 2283 1194 2306 voce.
1262 2268 1360 2302 Hinc
1404 2268 1659 2303 altercationes

985 2338 1223 2377 opponuntur
1255 2327 1440 2373 perpetuis
1486 2326 1662 2362 orationi-

984 2387 1066 2423 bus,
1095 2398 1125 2421 v.
1144 2385 1242 2418 Drak
1275 2383 1320 2418 ad
1341 2385 1419 2421 Liv.
1438 2386 1501 2419 IV.
1528 2386 1570 2425 6;
1601 2383 1661 2418 de-

985 2443 1073 2479 inde
1094 2444 1167 2477 hoc
1195 2441 1341 2476 verbum
1363 2442 1576 2476 translatum
1611 2440 1661 2476 est

985 2500 1033 2535 ad
1081 2498 1393 2534 contradictiones
1435 2497 1662 2546 expostulan-

985 2559 1077 2593 tium
1098 2556 1153 2591 vel
1174 2556 1384 2595 rixantium.

1032 2623 1088 2656 3¹.
1115 2614 1207 2663 quo]
1263 2613 1287 2647 i.
1316 2627 1348 2650 e.
1372 2623 1520 2660 propter
1549 2611 1660 2659 quod,

989 2683 1111 2718 quare.
1137 2684 1167 2705 v.
1190 2682 1266 2706 not.
1290 2671 1334 2705 ad
1355 2673 1402 2706 11.
1423 2679 1456 2712 5.
1481 2678 1533 2711 18.

1036 2736 1090 2769 32.
1118 2727 1186 2764 hae
1204 2729 1380 2774 nuptiae]
1417 2728 1554 2760 Donat.
1574 2723 1663 2769 legit

989 2785 1076 2821 hae-.-
1104 2789 1258 2832 nuptiae
1288 2796 1324 2822 et
1343 2783 1508 2821 loiubant
1528 2792 1666 2818 veteres

1554 182 1648 230 107
1723 181 1732 192 “
