1780 3100
305 143 368 189 62
855 136 1165 188 ANDmA.
1483 175 1486 178 ⁴
1574 112 1641 157 Μ

298 265 479 321 BYRR.
513 268 771 337 Sponsum
774 267 857 321 hic
879 285 1019 319 tuam
1041 283 1188 319 amat.
1251 273 1342 319 PA.
1378 272 1458 321 Ne
1478 269 1517 330 *)
1535 271 1596 330 57)
1625 225 1712 316 iste

659 335 795 385 haud
807 356 850 385 m
857 355 1000 387 ecum
1017 339 1170 387 sentit.
1187 336 1406 387 ehodum
1417 340 1478 398 58)
1491 337 1570 387 dic
1581 335 1712 393 mihi,

229 408 435 457 25Num
461 399 703 470 quidnam
726 404 941 470 amplius
970 404 1061 454 tibi
1091 423 1207 454 cum
1234 404 1321 454 illa
1345 406 1439 455 fuit
1465 404 1717 459 Charine?

658 474 754 519 CH.
790 473 887 520 aba
906 471 1161 538 Pamphile

298 538 345 589 N
352 537 450 587 ihil.

515 540 664 586 PAM.
697 541 859 616 Quam
879 492 1077 588 vellem!
1139 540 1321 587 CHAR.
1353 542 1508 589 Nunc
1541 551 1592 587 te
1620 553 1713 604 per

659 607 927 655 amicitiam
960 619 1011 654 et
1036 624 1127 671 per
1148 623 1368 655 amoiem
1396 606 1614 663 obsecro,

296 673 549 739 Principio
571 675 631 733 59)
667 685 727 721 ut
743 691 806 721 ne
832 672 1002 722 ducas.
1026 674 1089 734 6ο)
1132 677 1282 721 ΡΑΜ.
1306 672 1455 722 Dabo
1476 671 1711 740 equidem

656 758 871 816 operam.
881 738 943 798 6¹)
981 742 1161 788 CHAR.
1189 739 1284 789 Sed
1303 738 1337 787 fi
1357 739 1409 787 id
1427 758 1530 788 non
1550 753 1710 807 potes,

297 813 402 858 Aut
434 806 526 855 tibi
559 810 769 872 nuptiae
797 806 892 854 hae
930 808 1041 854 sunt
1068 807 1218 856 cordi.

1277 810 1427 856 PAM.
1452 805 1524 868 63)
1549 807 1710 857 Cordi.

652 876 836 922 CHAR
868 873 1051 923 Saltem
1076 874 1273 942 aliquot
1302 873 1408 923 dies

293 943 477 1001 Profer,
511 940 572 1004 63)
610 940 728 991 dum
765 940 1053 1008 proficiscor
1085 941 1272 1009 aliquo,
1298 939 1360 1003 64)
1406 959 1469 991 ne
1502 901 1711 993 videam.

653 1013 805 1058 PAM.
844 1008 989 1061 Aud‘u
1006 1027 1142 1059 nunc
1172 1011 1284 1058 iam.

223 1088 278 1131 30
292 1081 394 1146 Ego
416 1077 627 1141 Charine
655 1078 955 1143 neutiquam
975 1074 1039 1140 65)
1075 1076 1298 1127 officium
1330 1073 1474 1125 liberi
1505 1075 1596 1125 esse
1623 1073 1709 1125 ho-

651 1162 799 1193 mlnls
822 1157 944 1210 PUtO

352 1289 387 1331 ⁴)
414 1290 513 1324 Edic-
543 1299 611 1322 nae
674 1287 739 1333 57)
763 1299 849 1323 non.

918 1288 1053 1323 Probat
1084 1299 1196 1328 nota,
1232 1300 1392 1332 tempore
1420 1286 1572 1323 librar-ii
1601 1284 1708 1330 diph-

396 1347 576 1392 thongum
597 1357 638 1379 ae
656 1360 730 1381 non
742 1346 975 1391 pcrfinzplex
996 1348 1206 1391 esbripcam
1218 1348 1296 1391 eſjb,
1317 1345 1416 1393 quod
1434 1344 1709 1388 adfiniendam

398 1405 538 1438 codicis
566 1414 727 1437 aetatem
749 1404 860 1444 facit.
915 1404 981 1448 58)
1013 1401 1133 1437 adhuc
1178 1403 1244 1448 59)
1271 1401 1436 1448 inprimis
1491 1401 1560 1445 b'o)
1587 1399 1708 1434 Philu-

399 1470 543 1492 menam
576 1470 685 1504 quam
715 1470 798 1492 amo
853 1459 918 1504 61)
951 1458 1109 1495 studium
1176 1459 1241 1504 62)
1267 1457 1481 1504 interruptio
1537 1455 1603 1502 63)
1627 1469 1709 1502 pro·
1764 1455 1766 1459 ’

394 1515 498 1551 trahe
543 1514 608 1560 64)
628 1513 667 1548 in
688 1512 847 1561 aliquam
868 1525 1006 1562 partem
1052 1515 1117 1561 65)
1142 1527 1215 1550 uua
1233 1527 1326 1563 pars.
1347 1515 1371 1549 i.
1392 1527 1422 1548 e.
1441 1523 1684 1561 nequaquam.

335 1706 391 1742 25.
417 1713 504 1735 num
524 1701 702 1747 quidnam
724 1703 886 1746 amplius
909 1704 959 1736 ti-

288 1756 328 1792 hi
355 1769 436 1791 cum
464 1758 536 1791 illa
555 1758 667 1802 suit]
715 1757 866 1792 honesta
895 1758 960 1792 cir-

289 1812 559 1847 cumlocutione
597 1813 755 1859 quaerit,
809 1825 853 1847 an
881 1826 957 1847 rem

286 1868 456 1904 habuerit
484 1881 566 1903 cum
590 1869 818 1908 Philumena,
844 1881 894 1908 ,ut
919 1871 956 1904 in

286 1926 379 1960 Eun.
398 1926 428 1962 Ι.
449 1937 483 1959 2.
502 1926 559 1967 63.
588 1927 641 1960 ad
663 1928 851 1972 virginem
878 1930 958 1962 ani-

286 1997 384 2017 mum
408 1982 559 2019 adiecit.
596 1984 754 2018 etiamne
777 1986 956 2028 amplius.

284 2037 460 2072 Similiter
514 2037 593 2072 Cic.
643 2038 805 2085 loquitur
846 2039 953 2073 Tusc.

286 2093 420 2142 quaest.
446 2095 509 2127 111.
543 2103 594 2135 18.
623 2095 769 2138 five-’ro
807 2097 956 2144 aliquid

282 2154 399 2186 etiam
417 2149 587 2196 intelligit
602 2164 677 2185 rem
687 2152 901 2187 veneream.
923 2166 954 2187 v.

282 2207 468 2254 interpret.
491 2206 537 2240 ad
550 2207 650 2253 Virg.
666 2210 752 2242 Aen.
773 2209 837 2243 IV.
851 2217 930 2251 313.

327 2276 382 2309 27.
410 2278 483 2299 non
505 2265 636 2308 potes]
693 2264 874 2300 Bentleius
902 2279 955 2300 re-

282 2331 339 2355 cte
356 2320 443 2366 legit
462 2336 535 2356 non
556 2325 689 2367 potest·

327 2385 383 2418 28.
401 2381 491 2423 fiam
511 2378 641 2421 cot-di]
689 2376 791 2412 cordi
811 2376 880 2412 effe
900 2377 953 2411 di-

281 2445 411 2468 cuntur
429 2446 518 2480 quae
536 2445 634 2479 grata
654 2433 734 2468 sunt
756 2445 790 2469 et
806 2435 951 2481 placent

279 2490 318 2523 in
340 2490 484 2525 Phorm.
499 2492 543 2526 V.
555 2500 588 2533 ζ
607 2503 655 2534 ¹7.
684 2494 772 2539 quia
799 2503 948 2535 uterque

279 2549 428 2593 utrique
446 2550 496 2593 esc
519 2549 637 2583 cordi.
665 2549 870 2582 Liv.XXX.
896 2561 946 2592 ¹7·

279 2603 464 2651 quidquid
482 2605 739 2648 aliuclfecerit.
754 2605 854 2653 quod
871 2617 948 2639 cor-

279 2661 437 2702 disoret
447 2660 676 2706 Mafinisfice,
706 2663 768 2696 ubi
786 2674 817 2699 v.
840 2661 949 2695 inter·

277 2728 369 2764 pret.

1081 1712 1136 1746 29.
1161 1697 1314 1744 profer]
1362 1696 1520 1745 proferre
1537 1695 1633 1731 idem
1655 1696 1705 1733 est

1035 1755 1135 1804 quod
1152 1754 1254 1802 [upra
1273 1757 1432 1800 prodere
1457 1754 1482 1788 i.
1503 1767 1534 1788 e.
1560 1754 1599 1788 in
1625 1753 1706 1788 lon-

1033 1814 1112 1859 gius
1136 1823 1278 1859 tempus
1299 1809 1456 1847 differre.
1480 1809 1559 1846 Cic.
1581 1810 1626 1844 nd
1644 1812 1705 1845 At—

1032 1871 1095 1905 tic.
1115 1871 1210 1904 XIII.
1237 1875 1288 1912 ¹4·
1314 1869 1446 1903 laaeius
1465 1868 1595 1903 volent
1613 1881 1705 1913 pro-

1021 1930 1131 1973 ferre
1149 1927 1256 1961 diem.
1292 1922 1386 1964 Sen„
1399 1923 1438 1956 in
1462 1924 1566 1958 Herc.
1587 1923 1704 1959 furen-

1032 1995 1079 2022 te.
1118 1995 1150 2016 v.
1181 1990 1256 2026 ¹89.
1286 1982 1385 2016 nulli
1403 1983 1588 2027 fitrz'peum
1610 1995 1702 2027 pro-

1026 2042 1131 2084 ferre
1151 2040 1260 2073 diem.
1318 2037 1414 2071 Hinc
1444 2050 1498 2073 res
1526 2040 1703 2083 prolatae

1032 2097 1223 2134 dicuntur,
1259 2106 1340 2128 cum
1359 2092 1480 2127 feriari
1502 2092 1598 2133 licet,
1623 2107 1703 2129 mu-

1031 2165 1159 2187 nerum
1174 2149 1391 2184 urbanorum
1410 2150 1598 2185 vacatione
1616 2163 1705 2186 con.

1032 2207 1135 2243 cessa.
1164 2221 1194 2241 v.
1215 2207 1293 2241 Cic.
1315 2219 1380 2253 pro
1401 2206 1498 2240 Mur.
1523 2218 1554 2243 ι.
1580 2214 1634 2250 ¹3·
1665 2217 1702 2243 et

1031 2266 1082 2300 ibi
1100 2266 1244 2300 Manut.

1078 2331 1134 2365 30.
1162 2322 1272 2357 liberi
1290 2320 1474 2365 hominis]
1521 2321 1616 2358 liber
1633 2320 1700 2356 he·

1027 2392 1090 2414 mo
1111 2379 1161 2414 est
1182 2377 1324 2413 liberali
1346 2378 1469 2411 animo
1496 2387 1531 2412 et
1549 2378 1698 2424 ingenio

1025 2435 1223 2483 praeditus.
1251 2435 1331 2472 Cic.
1349 2433 1395 2468 de
1415 2443 1503 2468 orat.
1524 2429 1550 2469 Ῑ.
1564 2442 1598 2476 5.
1618 2448 1699 2471 eru-

1024 2495 1119 2528 ditio
1131 2493 1247 2534 libero
1258 2493 1389 2537 dignes
1412 2488 1553 2523 Gellius
1563 2491 1696 2524 xvul.

1028 2562 1079 2585 ιο.
1114 2550 1334 2594 existimavi
1356 2546 1520 2582 omnibus
1538 2546 1695 2583 homini-

1024 2606 1089 2641 bus
1126 2606 1254 2640 liberis
1280 2605 1555 2650 liberaliterque
1588 2605 1695 2650 inst&

1025 2663 1119 2697 tubis
1142 2673 1248 2706 turpe
1263 2664 1341 2709 essa.
