1760 3086
62 89 106 114 ζ
147 87 179 126 *ἡ
208 78 238 106 ν’
286 107 289 110 .

154 265 243 309 cta,
270 253 534 318 Glycerium
554 253 766 299 videlicet
790 251 927 296 filiam
949 249 1333 296 esse'Chremetis.
1380 253 1450 296 *Et
1473 251 1587 308 quia¹

149 322 428 377 Philumena,
451 339 583 383 quam
604 327 644 366 ei
663 331 793 381 pater
815 321 1168 381 desponsaverat,
1195 321 1322 365 soror
1346 331 1445 365 erat
1468 322 1574 382 Gly-

76 422 85 435 ·
152 398 288 454 cerii,
314 395 506 456 placuit,
533 401 585 438 ut
604 390 865 450 Pamphilus
894 391 1156 452 Glycerium
1181 391 1393 443 haberet,
1423 392 1591 436 Philu-·

149 480 331 510 menam
349 480 456 511 vero
475 463 603 508 dedit
622 461 844 507 Chremes
865 461 1057 512 Carino,
1083 465 1159 518 qui
1181 477 1280 506 eam
1307 463 1474 507 ducere
1500 477 1576 508 vo-

147 534 284 578 lebat.

289 602 456 648 Sensus
475 618 584 648 vero
608 607 747 647 totius
767 602 944 646 fabulae
962 602 1042 652 iste
1061 601 1139 652 est,
1168 603 1243 646 sed
1265 592 1468 648 comicus
1493 607 1575 647 mi-

148 690 203 720 ro
231 689 331 733 eam
351 673 555 718 dilatavit
583 673 721 716 modo
749 673 980 730 multaque
1008 671 1198 716 honesta
1225 674 1424 718 inseruit.
1483 674 1575 718 Ar·
1628 681 1631 695 '

149 752 365 804 gumenta
389 751 436 785 et
453 743 666 802 prologos
692 742 800 785 licet
830 743 1012 799 quidam
1042 751 1277 786 autument
1304 758 1329 787 a
1364 743 1573 803 Caliopio

150 817 249 858 eius
274 817 515 856 recitatore
538 812 624 856 esse
645 811 940 870 compositos,
970 819 1122 854 tamen
1150 811 1399 863 sciendum,
1420 814 1475 856 ab
1500 828 1572 856 eo·

80 931 84 934 ,
148 883 255 926 dem
278 886 454 926 comico
475 881 601 927 fuisse
633 880 925 940 compositos,
953 879 1065 923 teste
1085 873 1333 932 Prisciano,
1371 887 1448 939 qui
1479 896 1593 926 ver-⁴

148 951 332 996 ficulum
352 955 487 1011 primi
506 951 686 1010 prologi
716 955 761 994 in
784 949 1042 1007 exemplum
1075 950 1222 994 sumit.
1280 954 1334 995 In
1367 952 1572 1011 prologis

149 1031 300 1066 autem
328 1021 441 1065 nibil
472 1020 593 1064 aliud
621 1020 839 1069 ostendit,
867 1019 945 1062 nifi
981 1019 1102 1074 quod
1134 1021 1320 1065 aemulis
1353 1031 1398 1064 et
1426 1035 1577 1080 repre-

147 1091 417 1136 hensoribus
445 1088 531 1132 suis
565 1089 829 1148 respondet,
871 1087 1019 1143 ficque
1048 1089 1112 1131 ibi
1134 1089 1190 1131 de
1209 1088 1251 1131 se
1272 1090 1388 1146 quasi
1409 1091 1466 1132 de
1488 1091 1575 1134 alio

119 1160 122 1165 ’
143 1160 360 1217 loquitur.
419 1158 537 1202 Illud
559 1173 736 1214 quoque
761 1158 885 1213 quod
905 1162 953 1200 in
976 1156 1065 1199 fine
1089 1162 1296 1202 omnium
1316 1147 1572 1203 fabularum

142 1229 362 1279 habetur,
397 1229 537 1271 verba
567 1227 669 1270 sunt
696 1227 888 1284 Caliopii
917 1230 1012 1269 eius
1042 1231 1325 1278 recitatoris,
1355 1234 1432 1285 qui
1463 1232 1574 1273 dum

141 1299 339 1344 fabulam
360 1296 652 1346 terminasset,
673 1297 874 1340 elevabat
896 1295 1067 1339 auleam
1079 1287 1234 1340 scenae
1257 1307 1301 1340 et
1322 1298 1574 1355 alloqueba-

142 1377 220 1413 tur
237 1367 455 1427 populum
474 1367 655 1410 dicens:
694 1366 791 1410 Vos
821 1365 992 1416 valete,
1032 1380 1114 1411 vos
1141 1367 1369 1426 plaudite,
1398 1368 1484 1415 five
1513 1370 1575 1413 fa-

72 1454 74 1456 ’
141 1447 246 1484 vete
275 1446 322 1482 et
356 1437 646 1497 plaudite.

435 1552 661 1589 VERSUS
708 1550 904 1587 IPSIUS
950 1551 1280 1590 TERENTII.

279 1622 401 1660 Natua
427 1621 469 1657 in
497 1620 656 1657 excelsae
681 1620 785 1656 tectis
814 1619 1021 1665 Cartaginis
1050 1619 1133 1655 altis

351 1680 553 1716 ·Romenis
588 1679 744 1715 ducibus
770 1679 903 1713 bellica
927 1678 1066 1726 praeda
1088 1677 1157 1713 sui.

282 1737 466 1787 Descripfi
488 1751 607 1774 mores
634 1738 829 1773 hominum
856 1738 1104 1784 iuvenumque
1130 1735 1330 1784 senumque

375 1795 545 1845 Qualiter
570 1807 607 1832 et
632 1795 720 1831 servi
747 1796 940 1843 decipiunt
965 1794 1151 1830 dominos.

283 1855 389 1905 Quid
413 1856 604 1896 meretrix,
644 1855 735 1904 quid
760 1855 846 1891 leno
874 1853 971 1889 dolis
996 1853 1183 1898 confingat
1210 1864 1348 1893 avarus,

372 1915 476 1951 Haec
503 1915 715 1964 quicunque
742 1914 850 1961 legit,
883 1913 933 1950 fic
953 1923 1044 1961 puto
1073 1922 1199 1948 cautus
1226 1911 1307 1947 erit.

454 2005 900 2042 ARGUMENTUM
960 2003 1259 2041 ANDRIAE.

329 2075 501 2112 sororem
525 2073 615 2110 salso
641 2073 816 2111 creditam
841 2073 1094 2109 meretriculae

331 2135 477 2170 Genere
500 2132 661 2169 Andriae
687 2122 899 2180 Glycerium
933 2132 1038 2168 vitiat
1060 2133 1293 2180 Pamphilu&

330 2192 566 2241 Gravidaque
587 2192 703 2233 facta,
730 2192 794 2227 dat
816 2191 942 2231 fidem,
968 2204 1119 2227 uxorem
1148 2192 1214 2226 fibi

330 2252 422 2287 Fore
443 2251 563 2294 hanc;
597 2263 683 2286 nam
711 2251 819 2286 aliam
847 2261 950 2298 pater
976 2250 1010 2285 ei
1036 2249 1277 2298 desponderat

331 2310 495 2346 Gnatam
522 2309 741 2350 Chremetis,
768 2321 877 2358 atque
902 2321 943 2346 ut
966 2322 1127 2344 amorem
1154 2309 1344 2376 comperit,

329 2368 488 2404 Simulat
515 2367 652 2404 futuras
682 2369 851 2417 nuptias,
887 2369 1038 2417 cupiens
1065 2367 1148 2404 suus

334 2427 439 2474 Quid
473 2426 627 2463 haberet
651 2428 769 2463 animi
791 2427 887 2463 filius
914 2427 1151 2474 cognoscere3

331 2486 430 2522 Davi
453 2485 578 2527 suasu,
615 2499 692 2522 non
723 2498 903 2535 repugnat
927 2485 1158 2534 Pamphilus.

330 2544 405 2581 Sed
431 2558 474 2580 ex
508 2545 678 2592 Glycerio
712 2557 838 2582 natum
868 2557 907 2582 ut
931 2546 1024 2581 vidit
1059 2543 1252 2593 puerulum

337 2604 536 2644 Chremes,
572 2603 711 2640 recusat
736 2606 903 2653 nuptias,
944 2617 1114 2651 generum
1145 2596 1318 2639 abdicat.v

335 2663 428 2699 Mox
452 2663 563 2698 filiam
591 2663 799 2711 Glycerium
826 2663 1008 2711 insperato
1040 2661 1200 2708 agnitam

340 2721 449 2756 Hanc
474 2721 670 2769 Pamphilo
697 2720 779 2762 dat,
822 2722 931 2756 aliam
955 2712 1092 2757 Carino
1120 2721 1326 2767 coniugem.
