1696 3112
230 188 276 228 x„

232 313 371 375 Quin
392 313 524 362 duae
543 312 718 362 literae
743 316 762 360 i
785 316 805 361 i
827 316 1130 382 continguae
1150 317 1442 366 accentibus
1466 328 1642 368 carent

230 422 275 454 ez
312 423 356 471 g.
391 408 442 452 in
473 407 703 470 nuptiis,
757 405 908 458 aliis,
946 409 1068 459 Dii,
1102 410 1300 472 periit,
1335 395 1446 473 abii
1474 416 1569 456 ete.
1592 419 1643 456 et

231 512 388 561 quum
424 494 546 543 inde
580 511 608 541 a
646 493 811 543 seculo
847 498 952 545 XII.
997 510 1236 546 accentus
1279 497 1512 564 adscripti
1552 495 1644 546 sint

229 586 307 651 (υ.
332 584 747 649 &chiminum
773 587 1016 649 §Betfucb
1053 605 1084 639 e.
1111 590 1374 651 &osteum
1410 594 1498 639 bet
1533 580 1643 641 {Dic

227 676 502 734 plumati?
536 676 598 723 T.
628 677 687 723 ΙΙ.
717 693 768 742 p.
790 681 871 738 84)
908 676 1074 726 noster
1105 680 1271 728 codex
1304 696 1475 728 aeram
1496 677 1643 747 *illam

229 765 498 814 antecedit.
565 769 731 816 Litera
765 787 793 815 e
821 770 875 815 in
904 766 1144 834 superiori
1174 783 1320 836 parte
1339 772 1536 839 apicem
1556 767 1644 816 ha-

226 854 315 904 het
348 856 598 923 (linguam
630 871 779 908 vocat
806 854 1221 922 Schoenemann)
1241 859 1291 924 s
1306 872 1356 909 et
1376 860 1427 927 f
1446 859 1644 925 longiu-

227 945 394 995 sculae
415 946 545 1010 sunt,
571 949 867 1016 ubicunque
893 962 1186 1011 occurrunt,
1223 962 1273 999 et
1290 949 1420 998 infra
1438 949 1643 1009 lineam,

230 1039 312 1086 cui
333 1036 573 1101 insistunt,
620 1039 908 1108 protensae,
965 1058 992 1089 r
1019 1040 1300 1102 interdum,
1344 1041 1571 1107 inprimis
1588 1042 1643 1107 in

226 1129 402 1178 ultima
430 1129 566 1179 linea
599 1133 839 1196 paginae,
882 1128 949 1179 est
977 1129 1225 1196 protensa.
1293 1127 1547 1180 Rariffime
1569 1130 1644 1179 di-

229 1236 426 1284 gamma
448 1220 698 1268 aeolicum
715 1220 833 1269 loco
854 1220 1030 1269 literae
1044 1222 1078 1268 h
1100 1220 1315 1287 superne
1334 1220 1416 1269 vel
1436 1232 1554 1269 ante
1574 1219 1643 1269 se-

229 1323 469 1377 quentem
513 1310 710 1358 literam
754 1310 1055 1377 adscriptum
1095 1324 1306 1377 apparet
1348 1329 1394 1361 e.
1431 1328 1502 1378 gr.
1544 1311 1644 1357 ila-

229 1419 344 1447 rum
375 1417 468 1466 pro
498 1401 750 1448 hilarum.
812 1403 870 1449 In
898 1403 1109 1469 prologo
1130 1402 1362 1464 Hecyrae
1381 1403 1439 1448 H.
1463 1417 1542 1448 22.
1565 1399 1640 1448 of·

225 1490 369 1541 fendi
397 1491 592 1540 literam
630 1492 660 1538 lc
689 1494 742 1538 in
774 1508 904 1541 voce
949 1493 1263 1544 calamitas,
1310 1504 1360 1539 at
1388 1508 1640 1558 nusquam

227 1582 360 1631 alibi.
429 1580 891 1647 Enaequentiffimum
920 1580 1108 1649 lignum
1129 1584 1549 1648 interpunctionis
1572 1580 1640 1631 est

227 1685 474 1740 punctum
518 1675 603 1734 (.>.
683 1672 917 1722 Occurrit
948 1675 1097 1721 etiam
1127 1672 1401 1722 semicolon
1445 1675 1510 1735 (ς)
1552 1671 1639 1720 sed

226 1764 542 1830 plerumque,
572 1765 625 1810 ni
643 1762 804 1823 fallor,
826 1763 1014 1812 lineola
1035 1780 1185 1812 curva
1216 1766 1280 1823 (,)
1317 1780 1343 1809 a
1366 1764 1639 1811 recentiori

225 1871 381 1902 manu
413 1853 586 1901 addita
619 1852 698 1903 est.
764 1854 970 1920 Signum
1005 1851 1351 1918 interrogandi
1380 1867 1487 1899 non
1516 1851 1639 1900 sern-

226 1962 320 2012 per
363 1943 581 1993 eandem
625 1942 837 2010 figuram
879 1942 1104 2003 exhibet,
1153 1941 1344 2002 credo,
1379 1943 1498 2008 quia
1531 1958 1638 1990 non

224 2032 417 2101 ubique
441 2035 620 2083 eadem
642 2051 818 2082 manus
843 2032 1081 2099 apposuit.
1124 2031 1331 2098 Signum
1355 2031 1638 2080 exclaman-

221 2128 278 2175 -di
315 2125 388 2191 (Ξ)
417 2125 515 2173 hac
538 2123 696 2191 figura
733 2126 767 2156 ἢ
799 2140 904 2172 non
929 2123 995 2171 ad
1023 2121 1177 2171 finem
1196 2125 1358 2182 vocis,
1389 2120 1473 2171 sed
1493 2121 1639 2188 [uper

224 2217 393 2265 media
413 2233 564 2275 voce,
615 2214 681 2264 ad
711 2231 864 2281 quam
893 2216 1133 2280 pertinet,
1176 2211 1261 2260 hic
1289 2212 1392 2260 illic
1423 2210 1637 2277 positum

226 2307 316 2369 est',
365 2325 409 2356 e.
439 2324 511 2374 gr.
542 2308 725 2354 Heaut.
754 2306 836 2354 IV.
879 2323 919 2352 1.
957 2323 1003 2369 7.
1038 2303 1171 2369 quid
1195 2278 1319 2366 fient.
1355 2305 1438 2352 IV.
1467 2312 1514 2358 8.
1553 2286 1634 2352 21,
1695 2323 1696 2326 ¹

223 2374 421 2465 Aegre.
484 2397 580 2445 Vix
612 2395 766 2445 credo
787 2394 921 2443 hanc
946 2394 1157 2460 figuram
1180 2397 1234 2442 in
1255 2394 1437 2467 libris,
1457 2397 1544 2461 qui
1569 2394 1635 2444 de

223 2505 282 2537 re
308 2488 632 2554 diplomatica
664 2499 838 2552 agunt,
876 2498 1178 2533 annotatam·
1197 2483 1308 2534 effe.
1375 2485 1541 2534 Colon
1569 2487 1633 2549 (z)

227 2592 279 2628 et
301 2595 509 2626 comma·
532 2575 608 2641 (,)
645 2593 893 2642 nusquam
913 2587 1222 2641 comparent.

365 2667 582 2733 Sequior
593 2684 771 2715 manus
784 2670 837 2715 in
860 2668 1019 2732 prima
1036 2666 1225 2714 codicis
1246 2667 1429 2732 pagina
1441 2681 1633 2727 omnes,

214 2762 281 2807 =in
302 2756 619 2823 sequentibus
641 2774 794 2825 quam
816 2757 1053 2824 plurimas
1073 2756 1240 2805 literas
1263 2768 1541 2805 atramento
1558 2758 1633 2803 ni-
