1812 3100
296 165 390 220 174

287 293 386 340 PH.
419 293 562 358 Opus
591 290 784 350 faciam,
811 289 875 355 32)
908 306 969 343 ut
996 292 1231 359 defetiger
1262 295 1302 354 *)
1346 311 1511 362 usque
1522 294 1649 356 35)
1634 311 1706 343 m-

651 374 824 424 gratus
859 363 920 422 54)
955 364 992 422 *)
1015 376 1073 410 ut
1097 362 1354 411 dormiam.

221 424 882 492 15PAR.V1g1labmlas1us
917 427 1015 478 hoo
1040 427 1155 495 plus
1179 430 1343 479 facies.
1365 431 1429 487 35)
1495 431 1597 479 PH.
1614 426 1708 486 Ab,

779 159 1212 209 ENUUCHUS.

1551 0 1555 14 1
1568 0 1744 34 'rnssnsswssz‘

647 493 773 542 nihil
803 495 948 554 (licis,
990 500 1259 544 Parmeno!
1791 542 1796 550 ,

289 558 556 609 Eiiciuuda
586 558 753 610 hercle
786 563 910 612 haec
954 565 1022 612 est
1054 563 1285 613 mollities
1324 564 1488 614 animi.
1545 533 1708 613 Nimis
1764 555 1768 557 “
1810 559 1812 561 ’

644 628 763 676 mihi
792 630 856 689 5⁶)
889 629 1410 696 indulgeo..

287 693 519 743 Tandem
540 713 644 744 non
664 713 755 761 ego
776 695 860 745 illa
884 715 1093 755 caream,
1118 697 1151 746 fi
1185 697 1242 747 fit
1265 717 1413 766 opuS,
1439 697 1520 750 vel
1544 710 1709 748 totum

646 763 905 812 triduum?
974 767 1103 813 PAR.
1141 766 1248 814 hui!

286 829 583 880 Universum
608 830 865 879 triduum?
899 832 1013 882 vide
1034 833 1159 900 quid
1182 851 1316 900 agas.

650 900 904 948 sententia.

1380 834 1482 881 PH.
1516 834 1627 882 Stat
1646 835 1708 893 37)

285 967 419 1015 PAR.
453 964 538 1014 Dii
569 964 712 1023 boni,
759 967 885 1033 quid
913 967 1011 1016 1100
1038 965 1200 1015 morbi
1223 966 1323 1017 est?
1359 964 1524 1015 adeon
1554 962 1711 1014 homi-

647 1050 738 1083 nes
759 1035 1069 1085 immutarier
1086 1039 1148 1097 38)

348 1168 410 1210 32)
445 1165 587 1214 aliquid

659 1167 694 1213 )
720 1169 810 1204 edic.
834 1167 1028 1213 defatiger,
1064 1166 1298 1214 improbante
1326 1164 1446 1202 Benel.
1509 1162 1575 1209 33)
1605 1158 1712 1197 valde

391 1223 457 1268 34)
472 1222 638 1258 mihimet
656 1223 723 1271 ipfi
756 1225 785 1266 )
811 1226 901 1261 edic
924 1224 1086 1271 ingratiis
1106 1225 1210 1270 prob.
1221 1222 1363 1259 Benel.
1363 1213 1453 1268 35)
1473 1220 1555 1269 1³¹¹¹⁸
1581 1230 1714 1265 ‘mgna‘

389 1278 446 1315 bis
465 1280 511 1316 de
528 1280 593 1315 illa
613 1281 678 1326 36)
712 1281 889 1330 voluptati
909 1293 1007 1319 1110εο
1043 1281 1108 1327 37)
1133 1280 1203 1315 fixa
1223 1278 1274 1315 est
1319 1281 1378 1322 38)
1404 1278 1653 1313 immutantur.

336 1443 534 1490 infimmia]
564 1442 734 1488 [iugulari
751 1457 901 1480 numero
914 1445 963 1480 fe-

288 1499 421 1534 minini
434 1500 572 1545 generis
585 1499 634 1535 est
658 1499 820 1536 defectus
834 1501 960 1542 somni,

287 1557 444 1603 vigiliae,
465 1568 591 1602 graece
623 1554 781 1593 ot'vnvta'.
816 1558 960 1594 Sallust.

287 1612 400 1648 Catil.
423 1624 454 1646 c.
477 1623 534 1657 27·
561 1626 675 1660 neque
695 1614 887 1660 insomniis
905 1626 963 1649 ne-

288 1683 358 1714 que
381 1670 509 1704 labore
525 1670 712 1716 fatigari.
778 1668 963 1704 insomnia

287 1726 328 1760 iu
345 1725 480 1774 plurali
502 1725 582 1760 sunt
602 1724 755 1760 somnia.
773 1738 805 1759 v.
826 1727 962 1761 Brouk·

286 1781 366 1816 hus.
397 1781 443 1815 ad
471 1781 556 1816 Tib.
588 1783 677 1829 eleg.
711 1784 774 1820 111.
802 1789 836 1828 4.
868 1795 897 1817 1.
926 1792 962 1817 et

286 1838 442 1873 Bentlei.
465 1838 567 1877 adh,
589 1838 614 1873 l.

337 1902 390 1940 14.
414 1909 507 1939 opus
519 1895 692 1939 faciam]
742 1894 767 1929 i.
789 1908 820 1929 e.
836 1907 960 1940 agrum

287 1951 418 1987 colam.
480 1952 584 1999 Opus
616 1965 678 1999 per
707 1952 959 1987 excellentiam

286 2007 421 2043 dicitur
447 2007 494 2043 de
524 2021 633 2056 opere
660 2009 790 2044 rustico
810 2009 889 2043 Cic.
913 2008 959 2043 de

283 2066 426 2101 Senect.
440 2078 470 2099 c.
490 2078 523 2110 7.
571 2066 737 2101 Lactant.
753 2065 797 2099 de
820 2066 869 2099 ira
886 2065 957 2099 Dei

285 2137 318 2158 c.
342 2131 394 2165 ¹3-
426 2125 612 2159 animalia
633 2124 745 2167 facta
772 2124 842 2168 esse
869 2136 958 2167 par-

285 2184 355 2217 tim
405 2182 459 2215 ad
497 2182 670 2222 vestitum
722 2182 864 2225 partim
909 2179 962 2213 ad

282 2241 409 2283 operis
427 2240 590 2274 auxilia.
615 2249 645 2271 v.
668 2235 707 2270 in
727 2237 857 2269 Heaut.
876 2235 904 2268 1.
931 2247 960 2270 1.

283 2308 341 2330 20.
367 2294 407 2328 in
436 2294 505 2329 Ad.
531 2295 595 2329 IV.
630 2305 658 2326 1.
688 2304 719 2326 2.
739 2291 784 2326 fic
802 2301 838 2326 et
861 2289 960 2336 apud

284 2351 445 2386 Graecos
465 2350 652 2386 sumuntur
669 2340 762 2400 ἔργα.
791 2359 826 2384 et
847 2345 959 2399 ἐργί-

286 2409 438 2460 ζεσθαι.
470 2424 501 2446 ν.
547 2410 678 2446 Graev.
727 2412 765 2446 in
808 2410 958 2446 lection.

238 2480 243 2485 ·
282 2467 431 2503 Hefiod.

334 2530 388 2568 14.
426 2521 632 2569 ingratiis]
701 2521 726 2555 i.
756 2534 788 2555 e.
813 2519 959 2559 invitus.

285 2592 411 2617 contra
442 2580 680 2614 voluntatem.
730 2576 882 2624 Proprie
909 2577 959 2611 est

285 2637 466 2673 ablativus
514 2634 767 2668 adverbialiter
810 2632 958 2678 politus.

282 2708 315 2729 v.
338 2695 550 2740 interpretes
573 2691 618 2725 ad
640 2691 777 2735 Nepot-
807 2689 958 2724 Themi-

281 2752 383 2791 stocl.
405 2763 436 2786 c.
455 2757 491 2795 4.
507 2748 652 2785 Comici
674 2746 812 2795 semper
830 2746 960 2782 dicunt

1036 1445 1240 1492 ingratiis,
1277 1440 1339 1475 alii
1365 1436 1552 1487 scriptores
1582 1441 1710 1486 ingra-

1038 1506 1100 1539 tis.
1125 1500 1205 1536 Cic.
1234 1498 1273 1532 in
1304 1497 1405 1531 Verr.
1434 1496 1498 1530 lv.
1518 1507 1553 1541 9.
1584 1496 1710 1532 dicent

1038 1572 1130 1608 quae
1150 1558 1282 1603 neceffi:
1297 1559 1369 1591 erit
1387 1554 1563 1597 ingratis.
1584 1564 1614 1585 v.
1634 1552 1711 1587 Ou-

1039 1615 1219 1661 dendorp.
1242 1611 1289 1646 ad
1309 1609 1450 1658 Apuleii
1470 1608 1709 1656 metamorph.

1037 1675 1067 1708 1.
1090 1686 1125 1719 p.
1146 1680 1205 1714 80.

1088 1730 1139 1763 16.
1182 1741 1238 1762 me
1281 1723 1486 1770 indulgeo]
1559 1721 1709 1769 antique

1037 1798 1103 1833 pro
1131 1784 1231 1820 mihi.
1277 1782 1339 1816 Sic
1367 1791 1402 1814 et
1430 1780 1483 1814 in*
1502 1780 1633 1814 Heaut.
1660 1780 1710 1814 V.

1036 1854 1070 1876 2.
1090 1849 1146 1883 35.
1164 1853 1195 1877 v,
1213 1840 1350 1873 Donat.
1375 1836 1421 1870 ad
1449 1836 1487 1870 h.
1508 1836 1533 1871 l.
1553 1847 1587 1872 et
1605 1837 1709 1872 cort.

1035 1897 1083 1932 ad
1103 1895 1243 1931 Sallust.
1265 1893 1376 1930 Catil.
1403 1906 1434 1928 e.
1457 1905 1490 1927 2.

1086 1963 1137 1996 13.
1162 1953 1253 1990 vide
1272 1951 1363 1999 quid
1379 1949 1501 1997 agas]
1548 1946 1618 1982 hac
1639 1937 1711 1983 l'or-

1029 2010 1135 2045 ·mula
1154 2009 1312 2056 aliquem
1332 2019 1534 2044 monemus,
1562 2019 1608 2040 ne
1631 2019 1708 2040 rem

1036 2066 1226 2103 difficilem
1265 2074 1300 2098 et
1335 2061 1572 2110 periculosam
1604 2061 1709 2096 susci-

1034 2124 1124 2171 piat.
1145 2135 1175 2159 v.
1198 2120 1290 2155 infra
1303 2121 1349 2154 V.
1368 2128 1403 2163 4.
1422 2126 1480 2163 45.
1496 2123 1499 2124 ’

1074 2185 1156 2228 scae
1175 2177 1387 2222 sententia]
1438 2177 1463 2213 i.
1492 2188 1523 2210 e.
1553 2173 1708 2209 decrevi.

1038 2237 1106 2272 Ov.
1129 2237 1278 2270 Metam.
1297 2235 1325 2267 Ι.
1345 2246 1376 2267 2.
1394 2231 1614 2278 43.fiofiac
1625 2235 1708 2278 fin-

1036 2296 1167 2330 tencia.
1201 2305 1232 2328 v.
1258 2291 1384 2335 Sigon.
1422 2289 1469 2323 ad
1502 2290 1579 2324 Liv.
1607 2289 1706 2324 XXI.

1035 2361 1091 2396 29.
1116 2349 1235 2384 Etiam
1257 2350 1338 2394 scat
1365 2345 1526 2382 1111101010
1552 2345 1599 2380 fic
1618 2344 1709 2380 dici-

1035 2417 1104 2441 tur.
1129 2405 1208 2440 Cic.
1238 2405 1283 2439 ad
1302 2404 1410 2440 Attic.
1431 2404 1495 2438 111.
1517 2409 1571 2446 14.
1593 2415 1708 2449 neque

1035 2462 1157 2498 adhuc
1188 2463 1320 2508 stabat
1356 2475 1427 2508 quo
1467 2459 1707 2507 potzffimum.

1035 2519 1174 2553 Eodem
1201 2519 1312 2553 modo
1349 2517 1483 2553 dicitur
1511 2516 1708 2560 confilium

1026 2577 1144 2620 fidet.
1173 2588 1205 2610 ν.
1226 2575 1318 2610 Flor.
1346 2576 1392 2610 11.
1424 2581 1478 2615 ¹8·
1506 2583 1542 2607 et
1562 2571 1705 2606 Duker.

1035 2632 1073 2666 in
1097 2631 1174 2666 ind.

1086 2700 1136 2735 19.
1162 2685 1348 2730 homines]
1377 2683 1562 2731 praecedit
1586 2683 1705 2719 homi·

1034 2759 1098 2783 nes
1123 2755 1158 2781 et
1175 2744 1333 2791 lequitur
1353 2743 1517 2780 eundem.
1563 2738 1708 2784 Dmhu·
