1716 3094
217 177 288 211 xx

217 294 354 346 lecto
395 306 449 345 et
479 293 753 360 descripto,
792 291 938 359 quod
977 291 1041 342 ab
1075 293 1387 360 Imperatore
1414 290 1633 341 Octavio

221 384 437 454 Augusto
457 387 651 451 incipit,
667 383 787 431 loca
808 395 979 432 extant
998 384 1154 432 multa
1167 384 1409 451 decerpta
1430 400 1494 432 ex
1510 385 1636 449 Ροὲσ

222 478 301 538 tis,
320 488 377 524 ut
396 474 659 540 scriptores
679 471 933 540 prosaicos
952 477 1192 536 omittam,
1221 474 1427 532 ovidio,
1452 469 1638 534 Per-fio,

222 569 460 622 Lucan0,
515 565 703 626 Statio,
750 564 998 625 Iuvenali,
1044 565 1360 626 Claudiano,
1415 579 1640 612 unacum

224 659 371 707 variis
413 654 719 705 lectionibus
754 670 817 703 ac
845 652 1035 721 gloffis;
1089 673 1262 722 neque
1297 653 1642 714 aliamcredo

210 749 476 799 ,rationem
530 748 640 794 iniit
692 748 748 793 in
797 745 1136 795 voluminibus
1197 744 1646 810 praecedentibus,

226 854 362 904 quae
398 835 601 888 fortaffe
643 834 830 884 alicubi
861 837 917 883 in·
952 833 1265 884 bibliotheca
1311 835 1394 884 vel
1434 834 1643 885 archivo

227 925 588 993 Gu-estphalico
617 926 794 975 latent.

359 1017 501 1077 Quid
540 1015 576 1064 fi
615 1016 755 1065 idem
783 1015 896 1077 ille,
952 1017 1040 1082 qui
1080 1015 1317 1065 codicem
1371 1011 1648 1082 descripsit,

230 1111 382 1159 etiam
417 1106 616 1155 notulas
652 1105 868 1155 adiecit?
941 1107 1057 1155 Hoc
1089 1105 1214 1154 mihi
1252 1105 1376 1155 inde
1406 1104 1647 1172 probabi-

226 1199 279 1248 le
307 1196 398 1259 est,
452 1199 572 1263 quia
603 1213 848 1262 magnum*
884 1194 1175 1245 consensum
1209 1208 1374 1244 textus
1406 1213 1523 1244 cum
1555 1211 1649 1243 no-

227 1291 289 1338 tis
320 1290 472 1337 etiam
500 1285 598 1336 ist-is
625 1287 776 1346 locis,
820 1286 909 1334 ubi
937 1298 1100 1335 textus
1130 1284 1280 1335 falsae
1312 1286 1542 1335 lectionis
1573 1302 1650 1333 ar-

229 1382 316 1448 gui
346 1376 534 1445 potest,
586 1376 906 1446 deprehendi
935 1393 978 1426 e.
1002 1395 1047 1443 g.
1072 1376 1138 1424 ad
1156 1374 1448 1424 mendosam
1471 1376 1648 1426 lectio-

227 1485 351 1519 nem
369 1468 662 1534 praedicto
685 1466 842 1514 Andr.
860 1468 905 1526 Ι.
928 1486 968 1514 1.
999 1484 1073 1531 19.
1097 1479 1299 1514 notatur
1319 1463 1415 1516 effe
1434 1465 1648 1516 verbum

229 1559 681 1626 frequentativum3
711 1556 834 1603 ibid.
855 1558 891 1603 Ι.
905 1572 952 1603 2.
968 1545 1046 1603 ἐι.
1066 1555 1344 1605 scholiastes
1367 1560 1509 1623 cepit
1529 1572 1650 1606 con-

230 1648 363 1705 fudit
391 1664 508 1696 cum
540 1649 749 1711 coepic;
797 1662 956 1711 quare
988 1648 1043 1692 in
1072 1658 1194 1694 nota
1232 1646 1427 1694 addidit
1451 1646 1651 1696 habere

230 1739 356 1788 ibid.
375 1739 454 1785 III.
471 1754 517 1784 2.
533 1752 614 1800 27.
631 1737 686 1782 in
707 1746 847 1783 textu
866 1734 1047 1801 legitur
1071 1739 1225 1784 cicius
1237 1753 1330 1802 pro
1335 1739 1524 1800 secius,
1548 1735 1651 1787 fine

234 1827 393 1876 dubio
418 1842 650 1875 erronee.
682 1823 787 1874 Sed
807 1837 1098 1892 quanquam
1117 1826 1297 1875 melior
1314 1827 1467 1875 lectio
1474 1826 1652 1890 secius

232 1921 287 1967 in
338 1917 449 1967 MS.
502 1927 731 1975 notatur,
795 1927 968 1965 tamen
1022 1916 1173 1983 gloss'a
1215 1918 1457 1965 velocius
1502 1915 1651 1982 expli·

235 2020 318 2058 cat
356 2006 633 2056 lectionem
684 2017 963 2054 contextus.
1060 2007 1112 2056 Si
1156 2025 1277 2056 vero
1321 2007 1652 2074 Eugraphius,

235 2096 446 2164 scriptor
493 2095 688 2156 seculi,'
719 2095 863 2161 quod
903 2096 1049 2144 multi
1079 2095 1471 2146 obscuriffimum
1504 2114 1649 2146 voca-

234 2200 380 2250 runt,
436 2203 614 2236 omnes
647 2184 791 2252 spiffis
823 2185 1047 2235 tenebris
1084 2187 1379 2236 obvolutum
1413 2199 1463 2236 et
1491 2187 1653 2236 litera-

237 2293 352 2327 rum
383 2277 505 2340 luce·
545 2274 827 2326 destitutum
871 2289 1082 2337 norunt,
1141 2277 1319 2344 dignus
1354 2278 1652 2340 habebatur,

238 2370 380 2418 cuius
430 2368 819 2417 commentarius
867 2382 930 2414 ex
973 2366 1111 2414 libris
1157 2368 1263 2416 MS.
1301 2382 1562 2418 erueretur
1604 2383 1653 2418 et

238 2455 379 2507 haud
406 2456 556 2506 semel
584 2459 639 2504 in
672 2456 930 2522 publicam
955 2456 1126 2506 lucem
1151 2460 1331 2518 exiret,
1381 2476 1538 2526 quare
1570 2459 1652 2506 alii

238 2544 525 2597 scholiastae
564 2559 613 2595 et
646 2559 1068 2596 commentatores
1103 2546 1372 2613 spernendi
1403 2548 1525 2609 sunt,
1565 2552 1652 2615 qui

239 2635 326 2688 etsi
344 2637 655 2703 temporibus
675 2640 928 2697 vixerunt,
967 2654 1099 2703 quae
1120 2637 1266 2685 bonis
1286 2638 1439 2686 literis
1458 2637 1545 2686 fun
1554 2637 1650 2686 esta

241 2740 407 2790 eran-t,
440 2739 613 2778 tamen
639 2725 913 2793 Eugraphii
943 2725 1138 2807 vestigia
1166 2741 1454 2794 prementes
1484 2720 1551 2777 de
1577 2731 1649 2777 in-
