1812 3100
355 141 453 198 346
653 139 1470 195 HEAUTONT1M0RUMEN08.

279 282 331 322 25
348 272 598 321 Generum
623 271 841 338 placere,
878 273 1120 337 postremo
1144 276 1292 325 etiam
1322 275 1356 325 fi
1374 276 1526 338 voles,
1636 315 1638 317 ψ

349 342 653 406 Desponsam
680 338 738 401 16)
771 358 981 456 {iuoque
1002 343 1093 392 esse
1116 342 1279 393 dicito.
1324 349 1480 396 ΜΕΝ.
1510 350 1608 397 Em.
1639 349 1762 400 istuc

705 427 768 458 vo
793 425 960 472 ueram

350 478 448 524 CH.
482 479 529 522 Ί
534 488 652 524 anto
674 477 817 525 ocius
843 484 899 535 ¹7)
936 489 985 526 te
1005 489 1062 526 ut
1083 479 1263 543 poscat,
1287 481 1346 539 ¹8)
1373 493 1423 537 et
1455 493 1512 531 tu
1540 480 1590 531 id
1617 481 1761 552 quod

702 545 859 609 cupis,
884 549 939 605 ¹9)

343 613 507 677 Quam
529 617 589 674 ²⁰)
631 609 846 662 ocisfime
872 614 936 671 ²¹)
973 624 1032 661 ut
1062 611 1162 662 des.
1230 617 1386 665 ΜΕΝ.
1415 616 1626 698 Cupie.
1658 620 1758 668 CH.

699 679 775 728 Ne
797 688 858 738 ²²)
876 683 913 741 ³⁸)
947 693 1003 728 tu
1025 679 1315 747 propediem
1338 687 1399 741 ²3)

344 749 415 795 Ut
435 748 570 796 istam
593 765 696 796 rem
718 746 890 803 video,
924 748 1061 796 istius
1084 749 1146 808 24)
1182 748 1545 801 obsaturabere.

271 824 326 867 30
340 814 437 866 Sed
463 815 587 864 haec
609 816 697 863 ista
718 829 777 864 ut
796 817 837 875 *)
870 816 999 872 sunt,
1036 817 1224 864 cautim
1247 831 1299 866 et
1325 816 1567 882 paulatim
1591 817 1748 876 dabis,

335 885 387 934 Si
405 884 575 949 sapies.
625 885 781 932 MEN.
811 884 1023 933 Faciam.
1073 884 1167 933 CH.
1190 883 1284 933 Abi
1308 886 1464 944 intro;
1492 885 1607 938 vide
1626 887 1752 954 quid

693 949 943 1018 postulent
973 952 1034 1010 2⁵)
1069 954 1107 1008 *)

335 1020 490 1068 Domi
511 1036 619 1076 ero,
652 1016 686 1066 fi
712 1018 836 1086 quid
863 1036 939 1068 me
962 1017 1112 1068 voles.
1179 1021 1335 1068 MEN.
1370 1021 1499 1070 Sane
1521 1019 1652 1072 volo.

337 1090 470 1136 Nam
493 1100 542 1135 te
564 1086 744 1135 sciente
766 1085 946 1136 faciam
969 1087 1210 1154 quicquid
1230 1105 1388 1153 egero.

335 1233 564 1290 (Αετυε
603 1233 655 1278 V.
734 1232 931 1281 Sczm
969 1233 1519 1358 ktIESNJENEDEMUS.
1565 1233 1744 1281 CHRE-

335 1414 492 1461 MEN.
523 1415 625 1479 Ego
648 1429 726 1461 me
754 1428 858 1460 non
885 1411 1115 1467 astutum,
1133 1416 1176 1451 25
1187 1393 1221 1470 ²)
1256 1429 1422 1480 neque
1446 1412 1516 1461 ita
1541 1409 1604 1473 ²⁶)
1637 1431 1746 1481 per-..

691 1480 931 1545 spicacem
956 1480 1020 1538 ²7)
1057 1479 1162 1535 esle,
1200 1477 1252 1526 id
1273 1482 1311 1540 *)
1347 1493 1482 1529 certe
1504 1485 1566 1541 ²8)
1598 1482 1724 1539 scio;

330 1546 426 1597 Sed
449 1546 532 1597 hic
552 1547 755 1597 adiutor
777 1564 917 1596 meus
941 1560 992 1595 et
1022 1547 1264 1606 monitor,
1302 1560 1352 1597 et
1383 1550 1741 1615 praemon-stra

685 1629 766 1664 tor
783 1614 1014 1664 Chremes

392 1747 452 1793 16)
471 1746 718 1794 desponsatam
768 1750 823 1791 ¹7)
847 1758 911 1793 nge
949 1746 1010 1791 13)
1031 1745 1124 1780 filius
1161 1745 1223 1791 19)
1241 1756 1306 1790 age
1341 1747 1399 1784 20)
1420 1756 1556 1791 quanto
1593 1746 1657 1793 2¹)
1678 1759 1738 1782 cu-

430 1803 487 1850 pis
536 1804 600 1850 22)
626 1803 737 1838 timeo
757 1816 802 1837 ne
821 1802 912 1837 forte
933 1805 1104 1848 v-supra
1131 1815 1166 1849 p.
1185 1807 1264 1844 34²·
1312 1800 1345 1841 ²⁸¹)
1370 1802 1462 1837 edic.
1482 1815 1551 1837 nae
1577 1804 1639 1848 23)
1658 1817 1737 1850 pro·

414 1855 527 1895 ¹ximo
548 1871 710 1907 tempore
758 1859 822 1904 24)
833 1858 908 1893 filio
954 1860 986 1900 *)
1004 1860 1096 1894 edic.
1122 1858 1195 1893 Sed
1207 1869 1246 1893 ut
1264 1858 1317 1894 uti
1334 1858 1440 1893 istaec
1461 1860 1576 1895 Bentl.
1589 1862 1734 1904 profer-c

428 1914 521 1951 haec
540 1928 579 1951 ut
596 1928 634 1951 ut
680 1920 738 1958 25)
758 1915 854 1950 filius
867 1928 966 1950 meus
986 1925 1020 1951 et
1039 1915 1113 1949 filia
1130 1925 1194 1950 tua
1239 1915 1274 1960 ⁸)
1292 1916 1382 1951 edic.
1407 1913 1561 1961 postulet
1575 1918 1736 1962 proban-

426 1984 464 2009 te
476 1975 597 2009 Bentl.
647 1982 689 2015 25
700 1975 740 2019 a)
758 1983 832 2008 tam
854 1971 1020 2007 astutum.
1046 1974 1108 2008 Sic
1126 1973 1217 2010 edit.
1234 1972 1415 2015 probante
1435 1970 1554 2007 Bentl.
1603 1974 1662 2014 26)
1682 1973 1732 2010 est

425 2039 499 2064 tam
545 2031 603 2075 ²7)
628 2028 718 2064 ficut
737 2028 874 2064 necesse
895 2038 970 2063 erat
1014 2029 1052 2074 ¹’)
1074 2031 1163 2066 edit.
1184 2031 1305 2065 omitt.
1335 2026 1376 2067 id
1429 2027 1495 2072 28)
1517 2027 1573 2062 vel
1598 2039 1706 2064 certo.

365 2166 421 2198 27.
447 2165 483 2190 te
511 2164 553 2189 ut
576 2152 728 2199 poseat]
775 2150 911 2189 seilicet
937 2166 988 2189 ar·
1107 2163 1164 2198 33.
1189 2166 1225 2201 ep
1240 2157 1418 2203 scientem
1431 2153 1606 2199 faciam]
1653 2154 1679 2189 i.
1698 2168 1729 2189 e.

317 2222 480 2257 gentum.
546 2208 693 2244 Poscere
731 2221 812 2244 cum
847 2209 985 2256 duplici
1061 2211 1194 2246 faciam
1222 2222 1262 2247 ut
1294 2210 1382 2246 lcias
1409 2210 1447 2245 in
1473 2210 1583 2248 Andr.
1611 2211 1674 2247 111.
1694 2223 1727 2247 2.

317 2266 472 2302 accusat.
513 2266 741 2301 construitur.
770 2266 846 2300 Liv.
875 2267 902 2301 I.
929 2273 983 2310 ²4·
1060 2277 1114 2310 28.

307 2326 484 2372 sagmina
506 2335 561 2363 te.
601 2338 690 2362 rex,
724 2326 846 2370 postm-
869 2321 930 2358 ubi
952 2336 985 2357 v.
1193 2325 1297 2359 Aer.
1323 2324 1364 2358 V.
1401 2323 1536 2359 Scau.
1565 2337 1595 2359 1.

312 2381 500 2416 Drakenb.
1109 2394 1138 2417 ι.
1162 2395 1237 2417 ηοη
1257 2392 1335 2417 tam
1352 2381 1528 2428 astutum]
1555 2381 1579 2418 i.
1601 2394 1631 2418 e.
1649 2394 1727 2416 non

358 2450 414 2484 29-
438 2440 546 2484 istius
573 2437 856 2482 obsaturabere]
904 2437 928 2471 i.
951 2450 981 2471 e.
1059 2437 1182 2476 valde.
1233 2450 1310 2472 non
1348 2449 1568 2485 magnopere
1599 2437 1723 2474 astute.

310 2494 412 2530 istius
442 2494 488 2528 ad
526 2493 709 2528 fastidium
743 2507 857 2540 usque
889 2492 982 2529 satur
1056 2507 1087 2528 v.
1110 2494 1146 2528 in
1168 2492 1235 2528 Ad.
1257 2494 1305 2529 11.
1335 2499 1369 2538 4.
1399 2500 1452 2538 14.

311 2551 390 2586 eris.
408 2551 520 2587 Plaut.
544 2551 580 2584 in
598 2550 724 2585 Sticho
748 2552 776 2585 1.
801 2564 828 2586 1.
847 2563 898 2594 ¹7·
912 2550 983 2586 hae
1101 2562 1133 2584 2.
1158 2549 1513 2597 praemonstrator}
1530 2548 1554 2584 i.
1575 2561 1606 2583 e.
1624 2559 1722 2595 prae·
1768 2582 1772 2586 ,
1798 2557 1801 2565 ’

308 2623 369 2645 res
387 2612 493 2644 vitae
510 2622 565 2643 me
578 2612 772 2654 satur-ane.
812 2607 978 2641 Saturam
1055 2617 1179 2652 ceptor
1211 2607 1326 2643 Plaut.
1353 2607 1390 2641 in
1419 2604 1522 2642 Persa
1546 2605 1574 2643 I.
1602 2612 1636 2651 3.
1663 2606 1719 2647 68.

307 2664 365 2700 his
397 2665 487 2701 locis
516 2678 598 2699 cum
625 2664 784 2710 genitivo
806 2662 978 2698 construi·
1049 2666 1307 2709 praemonstra
1326 2665 1443 2703 docte.

306 2733 382 2762 tur,
411 2733 450 2758 ut
471 2721 820 2768 adiectivumsatur.
