1812 3100
332 137 439 188 ἢαι’-62

835 134 1272 187 EUNUCHUS.

340 267 568 335 Quodvis
593 269 630 330 ¹⁸²)
663 266 878 329 donum,
917 271 1192 334 praemium
1216 272 1281 332 **)
1312 289 1343 321 a
1369 259 1750 342 me‘optat0289)

667 358 671 362 ·
695 336 747 385 id
775 341 999 400 optatum
1024 337 1172 387 feres.

341 406 449 453 GN.
485 403 732 463 Itane?90)

802 406 913 450 TH.
947 405 1029 454 Sic
1061 406 1168 454 erit.

1248 409 1355 456 GN.
1400 409 1449 458 Si
1483 407 1658 470 efficio,
1686 417 1751 474 9³)

699 471 795 521 hoc
818 473 856 530 *)
886 471 1082 538 postulo
1106 486 1164 522 ut
1184 486 1272 522 tua
1297 474 1412 523 mihi
1434 475 1615 526 domus

342 541 421 586 Te
443 540 708 605 praesente,
744 539 941 588 absente
963 554 1149 607 pateat,
1180 542 1416 592 invocato
1433 547 1494 604 9²)
1530 559 1588 594 ut
1608 544 1665 596 fit
1685 545 1752 596 lo·
1799 550 1805 555 ’

697 624 788 656 cus
819 610 881 660 93)

268 680 323 725 30
340 674 554 740 Semper.
621 676 772 723 THR.
808 678 899 736 *Do
944 661 1092 721 fide'm
1134 675 1368 726 futurum.
1437 681 1543 728 GN.
1581 681 1752 730 Accin-

697 760 777 807 gar
786 779 795 788 .
818 749 879 794 94)

338 811 382 858 Ο
402 807 604 876 Thraso.

946 744 1044 789 PH.

680 810 829 857 THR.
865 808 1071 858 salvete.

1081 745 1238 808 Quem
1265 763 1356 809 ego
1381 743 1462 794 hic
1483 747 1680 797 audio?

1150 814 1247 859 PH.
1283 813 1366 883 Τᾳ
1398 811 1592 864 fortasse
1619 833 1751 884 quae

453 908 458 913 ψ
698 876 779 924 hic
806 876 933 925 facta
959 874 1071 934 fint,
1108 879 1277 927 nescis.
1527 923 1529 926 ,

340 945 491 1003 THR.
525 945 651 994 Scio.
685 940 781 992 PH.
818 948 918 994 Cur
937 958 986 993 te
1009 962 1127 1010 ergo
1150 945 1201 1003 in
1223 945 1301 995 his
1324 963 1415 1013 ego
1437 949 1689 1016 conspicio
1709 951 1752 1012 *)

697 1012 986 1078 regionibus
999 1011 1023 1058 ’.Ρ
1043 1013 1107 1071 95)

340 1079 493 1127 THR.
537 1078 694 1128 Vobis
720 1080 888 1128 fretus.

992 1071 1087 1128 CH.
1129 1081 1245 1129 Scin
1278 1098 1431 1149 quam
1459 1079 1525 1143 96)
1559 1082 1752 1135 fietus?

699 1147 846 1195 Miles
869 1146 1012 1196 edico
1037 1147 1140 1196 tibi.
1250 1191 1253 1194 Α

340 1216 392 1266 Si
425 1216 473 1264 te
501 1214 554 1263 in
587 1213 750 1282 platea
784 1214 1038 1264 offendero
1060 1220 1124 1275 97)
1167 1213 1262 1264 hac
1290 1216 1398 1282 post
1413 1216 1478 1274 98)
1508 1233 1749 1286 unquam,

695 1281 818 1332 nihil
839 1284 907 1332 eft
930 1286 967 1347 *)
1020 1282 1159 1351 quod
1183 1283 1318 1333 dicas
1341 1282 1476 1342 mihi,

398 1418 436 1466 ⁴)
462 1427 591 1453 mutat.
620 1418 661 1452 in
688 1415 828 1463 quidvis
885 1415 930 1456 ⁴⁸)

443 1476 504 1519 89)
531 1472 645 1519 petito
676 1482 710 1507 et
740 1483 862 1518 rogato
924 1473 990 1519 9ο)
1014 1472 1174 1509 habebis·
1219 1474 1284 1520 9¹)
1304 1473 1409 1520 'quod
1438 1472 1541 1519 rogas

964 1416 1053 1451 edic.
1086 1425 1121 1451 et
1145 1415 1344 1463 praemium
1370 1417 1602 1462 improbante
1629 1419 1750 1455 Bentl.

1604 1474 1634 1516 ⁴¹)
1657 1477 1750 1512 edic.

446 1532 598 1577 discing.
620 1533 702 1575 post
719 1528 791 1564 hoc
855 1529 920 1575 92)
944 1543 1018 1564 non
1037 1541 1163 1565 vocato
1218 1533 1283 1577 93)
1308 1529 1400 1564 mihi
1445 1534 1505 1576 94)
1529 1532 1750 1579 praeparabo

445 1586 492 1622 ad
514 1586 552 1621 id
573 1585 671 1634 quod
693 1587 783 1633 petis
830 1586 860 1628 ⁴¹)
885 1588 973 1622 edic.
994 1587 1181 1635 conspicor
1225 1591 1298 1633 95).
1312 1599 1374 1621 cur
1392 1599 1467 1621 non
1496 1587 1589 1633 fugis
1616 1600 1636 1622 a
1653 1601 1752 1634 prae·

444 1643 557 1680 sentia
575 1643 693 1679 nostra
740 1644 805 1689 96)
830 1655 1004 1690 quantum
1050 1645 1116 1691 97)
1143 1645 1312 1679 invenero
1337 1644 1525 1680 obviavere
1571 1646 1637 1698 98)
1651 1645 1751 1685 dein·-

444 1714 528 1750 ceps

597 1701 633 1746 ⁴²)
656 1701 745 1737 edic.
767 1703 887 1738 amitt.
910 1700 1004 1737 nihil
1022 1701 1094 1742 est,
1125 1704 1307 1748 probante
1334 1703 1455 1740 Bencl.

383 1883 441 1916 27.
484 1881 651 1915 optatum
680 1870 811 1915 feres]
872 1882 1007 1915 optare

339 1927 391 1964 est
405 1927 543 1971 eligere,
560 1928 664 1969 ferre
682 1926 732 1961 est
751 1926 923 1974 accipere.
947 1939 1008 1960 au·

339 1986 443 2020 ferre.
465 1983 676 2019 Ovid.Met.
701 1984 736 2017 ll
766 1990 824 2025 44.
845 1985 1007 2031 quodvis

337 2053 421 2087 pete
450 2055 581 2077 munus
608 2052 648 2076 ut
676 2043 776 2077 illud
799 2044 860 2077 Me
888 2043 1006 2077 tribu-

337 2111 418 2136 ente
442 2100 559 2141 fer-as.
582 2097 709 2132 Tibull
753 2098 778 2131 Ι,
813 2110 841 2131 ι.
862 2110 916 2133 20,
926 2099 1009 2141 fer-

339 2159 391 2196 tis
417 2168 570 2191 munera
604 2157 728 2200 vestra
753 2156 852 2189 lares
884 2152 945 2188 ubi
975 2165 1007 2187 v.

337 2210 545 2249 Brouhhus.

381 2279 438 2311 28.
463 2270 525 2314 sic
548 2268 644 2312 erit]
694 2266 717 2300 i.
754 2278 783 2299 e.
815 2263 889 2311 ipse
917 2277 1010 2298 com-

338 2326 468 2374 peries.
494 2325 630 2360 Eadem
644 2319 800 2358 formula
813 2321 850 2356 iu
863 2321 1009 2357 Photm.

335 2383 384 2420 ,V.
406 2391 437 2424 3.
466 2390 520 2423 ¹8·

382 2451 438 2484 29.
465 2436 670 2481 invocato]
718 2434 743 2469 i.
768 2447 797 2468 e.
822 2446 895 2468 non
919 2433 1009 2467 invi·

336 2506 426 2532 tato.
475 2495 546 2530 Ad·
563 2505 711 2528 coenam
737 2504 875 2527 vocare
905 2489 1007 2535 Iaepe

338 2551 499 2588 absolute
530 2551 675 2598 ponitur
707 2561 771 2595 pro
791 2548 941 2581 invitare
962 2544 1008 2579 ad

307 2621 487 2655 ⁴coenam
530 2607 609 2645 Cic.
651 2619 715 2653 pro
749 2603 853 2639 Rosc.
889 2606 1007 2637 Amet.

336 2677 369 2701 c.
405 2673 455 2706 ¹8-
484 2663 545 2698 ubi
566 2676 743 2699 revocare
774 2660 823 2696 est
854 2673 937 2702 eum
962 2659 1008 2693 ad

337 2733 490 2759 coenam
521 2731 667 2759 vocate,
704 2719 767 2767 qui
791 2718 889 2766 prior
907 2729 1009 2753 voca·

1082 1871 1144 1905 vit.
1200 1870 1296 1905 Hinc
1312 1870 1422 1914 firm·
1445 1879 1628 1905 vocatores
1659 1868 1749 1906 dicti

1081 1927 1183 1967 sunt,
1219 1927 1348 1974 quibus
1378 1939 1397 1962 a
1435 1926 1595 1962 dominis
1623 1926 1750 1962 datum

1083 1984 1133 2018 est
1151 1983 1329 2019 invitandi
1348 1973 1546 2029 nogotiu'm.
1575 1996 1607 2017 v.
1623 1973 1750 2020 sen'ec.

1083 2039 1129 2074 de
1148 2041 1198 2074 ira
1220 2051 1255 2075 et
1274 2040 1454 2089 interpret·
1474 2039 1521 2075 ad
1539 2040 1676 2090 Nepot.
1690 2039 1752 2076 Ci-

1079 2110 1183 2133 mon.
1212 2111 1242 2131 c.
1261 2103 1296 2141 4.

1130 2163 1187 2197 30.
1212 2153 1405 2201 accingar]
1430 2153 1455 2187 i.
1478 2156 1509 2186 e.
1529 2164 1604 2187 rem
1627 2164 1751 2200 aggre-

1085 2210 1178 2246 din.
1227 2211 1307 2246 Hoc
1335 2221 1455 2245 autem
1478 2209 1585 2244 verbo
1603 2219 1752 2244 utuntur

1084 2267 1122 2301 in
1166 2267 1304 2313 magnis
1348 2267 1453 2302 rebus
1498 2265 1752 2314 susciplendis.

1083 2324 1159 2358 Liv.
1184 2325 1244 2358 VI.
1265 2331 1320 2366 35.
1344 2323 1407 2358 ubi
1427 2337 1458 2358 v.
1474 2323 1634 2359 Gronov.
1668 2324 1753 2358 ‘Lo-

1085 2380 1220 2427 quendi
1252 2381 1345 2416 ratio
1381 2379 1489 2415 ducta
1526 2379 1576 2425 est
1608 2391 1651 2413 ex
1694 2391 1750 2418 eo.

1085 2436 1185 2483 quod
1203 2437 1265 2483 qui
1285 2436 1424 2484 aliquid
1444 2436 1522 2472 serii
1542 2436 1659 2470 facere
1688 2447 1751 2482 pa-

1084 2493 1230 2533 rabant,
1270 2494 1415 2540 cingulo
1443 2493 1553 2529 vestes
1585 2493 1750 2541 alioquin

1084 2549 1197 2585 fluxas
1217 2550 1518 2597 constringebant.
1542 2563 1575 2585 v.
1597 2548 1749 2586 Casaub.

1085 2605 1131 2640 ad
1153 2606 1249 2642 Suet.
1273 2609 1362 2652 Aug.
1385 2620 1415 2642 c.
1437 2613 1494 2652 34.

1130 2670 1185 2706 54-
1212 2666 1312 2711 quod
1335 2666 1467 2708 dieas]
1525 2664 1625 2712 quod
1646 2661 1751 2710 poni-

1082 2725 1140 2755 ‘tur
1169 2732 1234 2768 pro
1263 2721 1446 2770 quamvis,
1477 2731 1519 2757 ut
1536 2718 1686 2771 pulchre
1702 2718 1751 2755 vi-
