1760 3086
224 642 234 647 ⁷.
309 599 567 649 Terentius
604 604 805 645 comicus
846 601 1228 659 genere‘quidern
1264 605 1416 646 extitit
1451 601 1587 651 Afer,

106 659 110 661 “
166 671 279 721 civis
319 690 430 719 vero
471 669 826 731 Cartaginenfis‚
888 669 1105 728 Scipione
1158 682 1307 714 autem
1353 680 1611 723 remeante

12 735 55 782 2'2‘
110 742 120 790 J
163 749 339 789 victore
361 743 645 800 aCartagine
676 741 731 784 ad
753 741 912 783 urbem
943 740 1162 790 Romam',
1192 741 1290 799 post
1310 741 1587 784 interfectio-

162 829 274 858 nem
291 811 582 861 Hannibalis,
610 811 717 860 iste,
745 813 819 865 qui
850 825 954 852 cum
983 811 1079 854 aliis
1109 811 1263 854 multis
1292 811 1586 869 Cartaginen·

163 883 280 927 fibus
302 879 649 941 comprehensus
675 880 847 927 fuerat,
878 888 981 921 ante
1003 894 1190 924 currum
1219 880 1452 938 Scipionis
1481 881 1586 938 liga·
1611 927 1615 930 ,

163 957 224 996 tis
244 961 368 995 retro
388 953 596 1006 manibus
620 953 814 992 minatus
834 948 912 996 est,
930 957 980 991 ut
1000 954 1220 1007 captivus.
1280 948 1375 993 Sed
1398 964 1584 992 currum

161 1021 286 1065 illius
313 1020 505 1080 pileatus
543 1018 806 1077 prosecutus
836 1016 991 1078 est'in·
1020 1021 1203 1068 urbem,
1258 1020 1379 1073 quod
1398 1027 1504 1061 ⁴erat
1538 1022 1583 1075 ¹)
1617 1047 1621 1051 .

162 1090 338 1150 fignum
360 1090 597 1132 libertatis.
655 1086 772 1129 Nam
801 1089 1056 1140 quicunque
1088 1091 1371 1145 captivorum
1392 1102 1416 1130 a
1445 1091 1584 1131 victo-

159 1173 220 1205 re,
235 1158 445 1201 libertate
465 1160 714 1215 potiretur,
744 1153 911 1211 pileum
943 1154 1114 1199 habens
1144 1160 1192 1198 in
1223 1160 1369 1215 capite
1398 1171 1601 1201 currumv

155 1227 279 1272 illius
311 1224 678 1285 prosequebatur.
757 1223 823 1265 Ut
852 1227 972 1266 en'im
1003 1239 1027 1267 a
1059 1224 1278 1283 Scipione
1309 1230 1485 1284 agnitus
1519 1226 1581 1269 est

52 1333 61 1351 ,
128 1292 132 1312 ²
155 1295 332 1340 liberali
353 1297 538 1353 ingenio
560 1294 799 1352 sapientiae
820 1290 998 1342 florere,
1025 1298 1070 1337 in
1096 1294 1417 1338 tantohonore
1440 1305 1583 1338 tanta-

155 1380 244 1423 que
282 1366 323 1422 2)
351 1368 494 1428 gratia
536 1361 653 1421 apud
683 1376 784 1404 eum
817 1359 998 1413 habitus
1028 1362 1127 1413 est,
1174 1364 1438 1422 praesertim
1477 1381 1581 1409 cum

153 1435 316 1480 liberis
327 1434 702 1495 progenitoribus
735 1435 767 1487 ³)
800 1440 928 1474 ortus
952 1431 1070 1482 esset,
1098 1441 1151 1476 ut
1171 1438 1211 1476 ei
1233 1435 1424 1478 eandem
1446 1435 1581 1480 liber-

154 1513 298 1549 tatem
326 1505 626 1553 concederet,
666 1511 798 1558 atque
824 1505 944 1543 inter
976 1501 1244 1548 domesticos
1280 1506 1380 1548 suos
1412 1509 1583 1564 praeci-

126 1624 129 1625 7
152 1589 290 1635 puam
308 1574 662 1626 familiaritatem.
680 1577 722 1615 ei
742 1573 946 1614 donaret.
993 1571 1167 1616 Romae
1190 1584 1339 1618 autem
1359 1576 1467 1618 dum
1487 1592 1579 1619 mo-

64 1641 68 1648 ’
133 1653 335 1688 ,raretur
362 1652 409 1687 et
437 1643 634 1692 videret,
672 1642 936 1698 frequenter
954 1642 1174 1700 populum
1202 1648 1249 1686 in
1269 1643 1501 1689 theatrum
1523 1647 1580 1688 ad

151 1713 455 1774 spectaculum
476 1714 735 1771 convenire,
766 1726 817 1753 ea
847 1714 1023 1754 ratione
1053 1720 1184 1768 atque
1214 1717 1467 1758 intentione
1505 1724 1578 1759 ex-
1650 1746 1653 1750 -
1680 1716 1684 1720 ’

43 1823 46 1830 .
80 1784 90 1798 ⁸
152 1783 281 1830 orsus
293 1782 356 1827 eft
379 1781 662 1838 comoediam
673 1781 882 1828 scribere,
903 1789 954 1822 ut
973 1782 1141 1840 populo
1162 1787 1473 1827 recitationem
1485 1784 1576 1828 sua-

147 1869 258 1900 rum
279 1852 534 1897 fabularum
555 1851 798 1900 conferret,
830 1850 994 1906 sibique
1017 1865 1120 1893 eum
1143 1853 1420 1897 conciliaret.
1480 1853 1576 1898 Sed

150 1940 258 1970 cum
277 1921 523 1981 coepissent
545 1926 640 1964 eius
664 1921 840 1965 fabulae
860 1925 1065 1970 recitari,
1105 1921 1244 1980 longe
1273 1922 1402 1964 aliter
1429 1920 1575 1965 visum

148 1996 227 2045 est,
259 2007 392 2050 quam
416 1991 614 2050 speraret
636 1993 693 2045 ⁴),
715 1995 927 2047 quoniam
944 1992 982 2046 ⁵)
1012 1991 1182 2034 multos
1205 1992 1406 2035 aemulos
1428 2007 1511 2051 per
1528 1993 1573 2049 ⁶)

145 2063 238 2108 hoc
268 2071 427 2106 contra
447 2060 490 2104 se
511 2064 749 2109 excitavit,
782 2064 856 2116 qui
890 2063 985 2103 eius
1020 2062 1139 2103 dicta
1161 2056 1571 2120 reprehendebant.

146 2131 338 2192 Scripfit
358 2140 507 2176 autem
530 2130 790 2179 nitidissimo
818 2129 916 2172 stilo
946 2129 1023 2173 sex
1054 2132 1254 2180 fabulas,
1294 2147 1351 2174 ex
1380 2147 1573 2188 unaqua-

62 2190 92 2245 ‘⁵5
148 2217 236 2260 que
271 2217 411 2246 unum
441 2201 610 2244 librum
649 2201 957 2243 determinans
1001 2215 1133 2255 quas,
1185 2202 1292 2244 licet
1329 2202 1471 2245 multi*
1497 2216 1573 2245 ne·-

146 2279 260 2331 gent
279 2278 434 2314 metro·
451 2270 654 2314 constare
678 2274 747 2328 ⁷),
776 2274 1061 2313 mentiuntur
1089 2270 1198 2313 teste
1218 2271 1465 2321 prisciano,
1495 2275 1573 2327 qui

147 2341 206 2384 de
226 2345 382 2383 metris
413 2338 706 2384 Terentianis
726 2340 929 2396 loquitur
956 2349 1001 2382 et
1018 2342 1199 2399 insuper
1216 2345 1263 2384 in
1284 2341 1401 2384 libro
1426 2355 1573 2399 gram-

66 2424 85 2459 χ
145 2412 338 2453 :maticae
361 2413 471 2453 artis
493 2409 541 2466 8)
562 2409 688 2468 saepe
709 2409 846 2460 dicit,
875 2413 1001 2453 cuius
1024 2425 1190 2467 genere
1222 2416 1357 2465 metri
1389 2411 1573 2459 constat,

148 2479 496 2544 exemplumque
528 2479 568 2535 ⁹)
588 2478 752 2538 ponit,
776 2494 862 2522 nec
885 2495 977 2522 non
1001 2484 1136 2523 etiam
1164 2482 1275 2526 teste
1303 2479 1469 2525 Rufino
1503 2482 1572 2535 ¹⁰)

447 2604 624 2641 VARIAE
667 2603 949 2640 LECTIONES
997 2605 1269 2644 EDITIONIS.

143 2689 166 2702 -·
190 2675 238 2720 τι)
261 2673 435 2710 additum
457 2674 516 2714 in.
545 2675 647 2723 quod
667 2676 709 2710 in
737 2675 864 2710 codice
891 2675 1052 2710 deletum
1079 2679 1131 2722 esc
1186 2677 1229 2723 2)
1254 2686 1356 2713 tanta
1411 2677 1453 2722 3)
1476 2674 1576 2720 geni-

239 2731 380 2768 toribus
423 2733 468 2780 4)
488 2731 657 2780 ΓροηΠέὶ
703 2733 745 2778 5)
765 2732 852 2780 quia
898 2732 940 2779 6)
958 2745 1106 2780 propter
1153 2736 1203 2781 7)'
1217 2737 1347 2783 defient
1367 2736 1482 2771 verba
1501 2745 1574 2770 me-

238 2800 299 2828 tro
318 2790 480 2829 constare
525 2793 569 2839 8)
588 2794 684 2841 deese
702 2791 787 2828 artis
833 2793 877 2838 9)
897 2791 1104 2840 exemplum
1124 2793 1226 2841 quod
1274 2792 1543 2841 10)Ruphino.

1329 2858 1438 2901 A2
