1780 3100
266 123 335 182 54
823 110 1128 191 ΑΝΒΒΙΑ,

271 257 337 309 St.
367 256 420 307 Si
445 259 484 317 ⁷)
506 267 714 323 propter
735 263 956 307 amorem
980 261 1018 318 8)
1043 275 1251 308 uxorem
1274 261 1314 319 9)
1335 255 1465 308 nolit
1488 254 1686 319 ducere,

273 328 343 373 Ea
363 325 581 390 primum
606 322 668 371 ab
691 322 1245 376 illoanimadvertenda
1274 334 1330 389 ¹⁰)
1359 327 1552 375 iniuria
1572 327 1651 375 est.

165 396 256 440 ,130
269 394 332 440 Et
352 390 561 439 nunc.id
584 408 789 456 operam
814 392 901 450 do,
925 398 982 453 ¹¹)
1016 407 1075 442 ut
1101 411 1191 458 per
1212 393 1356 443 falsas
1383 402 1442 456 ¹²)
1475 396 1686 460 nuptias

273 462 403 507 Vera
427 457 728 524 obiurgandi
752 460 900 508 causa
925 459 1005 519 fit,
1035 459 1069 509 fi
1103 461 1326 527 denegat.
1351 459 1440 517 ¹3)‘

258 524 435 576 Simul
459 526 515 584 ¹4)
548 524 814 576 sceleratus
835 529 1037 586 Davus,
1066 527 1101 576 fi
1126 530 1249 595 quid
1273 527 1460 578 confilii

274 591 463 652 Habet,
496 605 554 641 ut
573 594 833 643 consumat
859 599 916 657 ι5)
942 613 1109 654 nunc,
1137 613 1254 645 cum
1274 595 1398 645 nihil
1419 594 1584 647 obsint
1604 596 1689 647 do⁴

629 658 677 708 li.
714 658 772 721 ιθ)

273 731 439 795 Quem
470 729 530 789 ι7)
573 743 666 793 ego
701 727 852 777 credo
885 728 1118 778 manibus
1151 727 1474 796 pedibusque
1504 729 1691 780 obnixe

633 796 805 843 omnia

180 873 258 916 135
271 863 566 921 Facturum,
608 863 789 929 magis,
824 867 881 926 ¹8)
921 861 975 910 id
1006 861 1132 912 adeo
1167 866 1226 925 ¹9)
1271 861 1394 912 mihi
1421 876 1481 914 ut
1506 865 1694 915 incom-

633 928 824 989 modet,
860 933 921 991 20)

338 1063 381 1110 7)
404 1061 542 1098 scilicet
560 1062 680 1097 dicam
699 1062 769 1098 tibi
815 1063 858 1108 3)
882 1062 1078 1098 meretricis
1124 1063 1167 1109 9)
1185 1063 1297 1099 filiam
1311 1063 1517 1101 Chremetis
1567 1065 1629 1113 1ο)
1645 1065 1700 1101 ul-

387 1117 554 1154 ciscenda
606 1119 668 1166 11)
698 1119 738 1154 id
757 1117 883 1155 studeo
935 1119 997 1160 12)
1019 1119 1201 1156 simulatas
1253 1123 1313 1168 15)
1339 1121 1378 1156 id
1395 1122 1534 1158 recusat
1582 1123 1644 1170 14)
1663 1133 1698 1158 et

383 1174 424 1209 id
447 1189 595 1223 operam
616 1176 684 1216 do,
710 1186 751 1212 ut
776 1199 783 1206 -
801 1176 864 1221 15)
887 1176 1069 1223 expendat
1116 1177 1184 1222 16),
1204 1175 1313 1223 ipfius
1341 1177 1418 1212 doli
1443 1188 1445 1190 ’
1469 1179 1529 1226 17)
1553 1180 1708 1214 Davum‘

387 1234 450 1278 18)
488 1230 625 1268 scilicet
657 1230 779 1267 faciet.
841 1233 940 1269 Edit.
983 1234 1185 1280 distinguit
1217 1237 1301 1280 pose
1336 1233 1427 1270 adeo
1503 1237 1565 1283 19)
1603 1246 1698 1272 certe

384 1290 450 1334 20)
473 1288 778 1337 impedimentum
795 1292 953 1336 generet.

330 1452 407 1505 129ss
436 1459 774 1496 animadvertenda
807 1460 951 1496 iniuria

280 1515 355 1562 esc]
403 1517 548 1560 iniuria
574 1517 620 1551 ab
644 1518 715 1551 illo
738 1515 787 1551 est.
806 1516 950 1556 iniuria,

284 1583 393 1619 quam
414 1572 476 1607 ille
503 1572 601 1607 facit.
649 1573 747 1607 Nam
774 1572 953 1621 praepoll-

281 1638 321 1664 to
342 1630 389 1664 ab
405 1627 511 1676 saepe
530 1628 673 1665 inservit
698 1630 858 1675 genitivo
889 1630 954 1664 cir-

283 1684 570 1720 cumscribendo.
590 1685 684 1720 infra
707 1688 772 1723 ΙΙΙ.
795 1699 824 1721 1.
853 1694 887 1729 5.
909 1687 956 1722 ab

287 1743 436 1778 Andria
452 1745 605 1778 ancilla.
629 1742 654 1775 i.
673 1740 709 1776 e(
717 1742 875 1777 Andriae
894 1754 956 1776 an-
1008 1776 1014 1781 ,

286 1797 384 1832 cilla.
403 1798 518 1833 Plaut.
532 1798 569 1832 in
580 1798 661 1833 Mil.
673 1799 717 1832 II.
729 1811 761 1833 2.
773 1807 807 1841 5.
827 1812 955 1847 quam-

286 1869 353 1903 que
372 1867 397 1890 a
415 1857 537 1893 milite
546 1854 742 1894 hominem,
761 1855 956 1890 Sallustfin

285 1910 411 1955 fragm.
441 1924 477 1957 p.
497 1917 578 1955 954.
604 1923 722 1947 metus
749 1924 773 1945 α
797 1915 952 1960 Tarqui-

283 1970 364 2004 nio.
388 1967 466 2001 Liv.
485 1967 634 2001 XXVII.
654 1976 689 2010 5.
703 1969 809 2011 fides
826 1982 850 2003 a
866 1983 953 2004 con-

278 2026 362 2071 sule
381 2022 441 2057 ubi
462 2035 492 2060 v.
506 2022 667 2058 Gronov.
679 2024 845 2060 Valerius
857 2025 955 2060 Flac-

286 2093 350 2116 cus
360 2081 407 2116 V.
418 2085 496 2124 243.
509 2081 554 2116 ab
571 2093 663 2116 auro
673 2082 826 2128 fulgor.
847 2094 879 2116 v.
891 2083 956 2117 Pe-

227 2146 231 2150 ’
286 2137 403 2173 rizon.
427 2137 474 2172 ad
491 2138 612 2172 sanct.
643 2137 797 2171 Minerv.
827 2137 891 2172 111.
920 2146 954 2180 5.

285 2193 389 2228 Nota
421 2202 496 2237 158.
525 2207 560 2229 et
588 2194 689 2228 Cort.
724 2192 771 2226 ad
797 2192 877 2228 Cic.
908 2193 956 2228 ad

285 2249 372 2285 Div.
392 2251 531 2294 111.1,13.
556 2252 860 2287 animadvertere
878 2251 955 2286 h.1.

285 2296 340 2341 est
349 2305 529 2351 castigare,
541 2307 734 2344 vindicare.
746 2320 778 2342 v.
790 2307 882 2342 infra
891 2308 956 2345 IV.

285 2368 322 2407 4.
340 2371 397 2405 28.
420 2373 456 2398 et
474 2363 611 2398 Donat.
635 2364 681 2398 ad
708 2363 747 2400 h.
766 2364 790 2401 l.
812 2367 956 2401 iniuria

287 2418 339 2455 est
379 2430 587 2467 peccatum,
630 2430 670 2455 ut
702 2418 801 2466 apud
842 2419 953 2455 ovid.

287 2475 389 2523 epist.
417 2477 496 2512 VII.
525 2485 582 2521 87.
611 2490 703 2525 quae
732 2488 815 2512 mea
842 2480 956 2514 eoele-

278 2535 518 2581 fiesiiniuria
535 2533 636 2575 fecit
655 2535 816 2580 iniquos.

335 2597 412 2632 130.
437 2590 480 2624 id
498 2601 649 2633 operam
668 2590 733 2633 do]
779 2588 828 2624 fic
845 2589 955 2624 etiam

283 2644 448 2693 loquitur
466 2645 558 2680 infra
575 2647 621 2681 11.
644 2659 673 2680 1.
696 2659 728 2691 7.
755 2656 791 2680 et
808 2645 847 2680 in
865 2647 955 2685 Hec.

283 2701 347 2737 111.
364 2709 398 2746 5.
414 2707 472 2748 48.
501 2703 602 2740 idem
626 2715 725 2739 nunc
751 2701 838 2745 huic
867 2717 952 2749 ope-

1026 1471 1112 1495 ram
1130 1460 1247 1499 dabo,
1273 1458 1312 1493 in
1326 1458 1461 1506 quibus
1483 1458 1580 1495 deest
1597 1455 1700 1508 prae-

1027 1515 1158 1563 pofitio
1185 1520 1238 1557 in,
1265 1528 1372 1563 quam
1384 1516 1486 1551 addit
1497 1516 1577 1552 Cic.
1590 1516 1698 1552 Tusc.

1030 1573 1164 1620 quaest.
1180 1573 1253 1617 Ι.4.
1274 1576 1314 1609 in
1334 1585 1444 1622 quam
1460 1576 1699 1610 exercitatio·

1029 1642 1112 1665 nem
1131 1644 1200 1665 nos
1218 1631 1389 1678 studiose
1415 1642 1565 1676 operam
1593 1631 1699 1668 dedi·

1031 1698 1127 1725 mus,
1156 1685 1220 1720 ubi
1238 1697 1269 1719 ν.
1291 1684 1412 1720 Davis-

1080 1750 1156 1785 132.
1188 1741 1361 1787 consilii]
1407 1741 1432 1776 ἰ.
1475 1755 1507 1777 e.
1549 1742 1699 1783 fraudis.

1033 1798 1132 1839 doli3
1170 1797 1420 1842 stratagemata
1454 1797 1605 1834 consilia
1638 1812 1699 1834 vo—

1033 1865 1130 1891 cant.
1542 1887 1545 1890 Δ
1674 1857 1682 1866 '⁴

1038 1909 1042 1914 ’
1078 1918 1153 1953 155.
1192 1913 1381 1956 consumat
1412 1911 1535 1956 nunc]
1597 1911 1636 1947 h.
1667 1925 1698 1947 e.

1030 1966 1058 2002 fi
1093 1966 1183 2014 quid
1215 1966 1327 2002 habet
1363 1967 1467 2006 artis,
1526 1967 1700 2004 adhibeat

1030 2036 1148 2062 nunc,
1204 2023 1300 2058 nihil
1337 2024 1556 2058 intentatum
1593 2024 1702 2059 relin-

1032 2090 1129 2130 quat.
1152 2079 1231 2114 Cic.
1258 2093 1324 2128 pro
1353 2080 1451 2115 Sext.
1481 2092 1514 2116 c.
1538 2087 1590 2121 13.
1620 2093 1699 2116 cum

1031 2150 1172 2171 omnem
1207 2139 1288 2172 vim
1312 2139 1377 2184 fiti
1412 2136 1626 2173 tribunatus
1658 2140 1699 2173 in

1033 2206 1111 2228 mea
1133 2196 1261 2237 salute
1295 2194 1539 2240 consumfirit.
1585 2193 1698 2230 ovid.

1030 2250 1275 2296 Metamorph.
1295 2250 1392 2285 V111.
1408 2250 1702 2296 106..consumcis

1030 2306 1198 2350 precibus
1237 2307 1447 2342 violentam
1489 2306 1628 2350 transit
1659 2309 1701 2344 in

1029 2365 1140 2398 iram.
1176 2374 1208 2397 v.
1240 2363 1440 2397 Burmann.
1474 2361 1521 2396 ad
1550 2364 1696 2408 petron,

1032 2432 1065 2457 c.
1085 2426 1143 2463 34.

1080 2481 1156 2520 154.
1175 2476 1344 2511 manibus
1357 2476 1598 2524 pedibusque]
1621 2487 1702 2522 pro·

1030 2533 1189 2568 verbium
1202 2544 1267 2579 pro
1289 2531 1390 2580 onmi
1404 2543 1548 2566 conatu.
1562 2544 1592 2566 v.
1607 2531 1700 2567 infra

1030 2591 1093 2627 IV.
1120 2602 1149 2623 1.
1167 2598 1224 2631 52.
1249 2598 1284 2623 et
1294 2588 1389 2623 Petri
1399 2587 1552 2623 Victorii
1573 2588 1699 2623 variat.

1030 2646 1114 2682 lect.
1134 2647 1198 2680 IV.
1221 2656 1274 2690 19·

1081 2711 1156 2746 135.
1181 2701 1450 2745 incommodet]
1500 2700 1701 2736 incommo-
