1812 3100
329 151 441 238 ,2⁴94
632 152 1458 219 HEAUTONTIMORUMENOS.
1497 171 1502 174 ·

270 312 324 357 35
342 312 482 374 Anus
529 302 776 373 quaedam
821 301 1002 370 prodit.
1085 305 1226 354 Haec
1271 302 1361 353 ubi
1410 302 1610 370 aperuit
1660 301 1747 354 ho·

699 370 855 429 stium,
1763 419 1768 423 ,

340 440 592 489 Continuo
615 439 699 489 hic
719 447 780 500 72)
821 439 867 487 se
889 438 1105 488 coniecit
1132 442 1191 501 73)
1223 439 1371 488 intro.
1449 441 1552 504 Ego
1589 439 1750 488 conse-

739 525 843 555 uor.
1111 532 1116 537 ·

342 579 483 625 Anus
516 526 874 636 foribusqobdit
902 571 1156 639 pessulum,
1177 575 1236 633 74)
1274 573 1338 621 ad
1358 572 1524 622 lanam
1544 571 1684 622 redit.

338 645 473 692 Hinc
518 644 627 698 sciri
668 640 1004 741 potuitsshaud
1046 657 1276 708 usquam
1312 643 1351 701 *)
1389 646 1450 702 7⁵)
1498 639 1618 690 alibi
1658 639 1749 688 Cli·
1796 668 1807 673 κ

699 726 781 757 nia
819 719 836 750 7
864 714 878 767 )

339 781 453 844 Quo
475 776 635 826 studio
656 779 808 826 vitam
834 777 968 824 suam
989 787 1036 822 te
1059 773 1256 824 absente
1279 776 1507 841 exegerit,
1524 778 1584 837 77)

268 858 324 906 4ο
339 847 438 894 Ubi
461 845 521 894 de
542 845 790 911 inproviso
814 844 911 892 est
900 855 1231 892 1nterventum
1258 844 1322 901 78)
1353 841 1558 892 mulieri.
1580 843 1641 900 79)

338 917 469 963 Nam
492 931 553 961 ea
574 930 652 961 ies
673 919 745 973 80)
771 910 908 959 dedit
942 909 1048 957 tum
1081 909 1390 958 existimandi
1413 911 1609 994 copiam
1626 912 1688 971 δ’)

341 981 635 1029 Cotidianae
659 982 722 1039 82)
763 980 895 1028 vitae
927 977 1344 1027 consuetudinem.

341 1051 484 1113 Quae
507 1053 565 1108 85)
601 1049 848 1114 cuiusque
868 1049 928 1106 84)
962 1045 1222 1111 ingenium
1244 1058 1303 1095 ut
1320 1049 1382 1108 85)
1419 1042 1496 1102 fit,
1535 1033 1756 1094 declarat

704 1116 927 1163 maxime
949 1110 1010 1171 86)

342 1187 622 1231 Texentem
645 1181 791 1231 telam
815 1181 1023 1230 studiose
1047 1180 1197 1246 ipsam
1222 1177 1520 1229 offendimus
1539 1182 1600 1240 87.)

269 1251 666 1312 45‘Mediocriter
687 1251 929 1307 vestitam,
974 1248 1100 1297 veste
1129 1246 1343 1313 lugubri,

341 1319 631 1371 Eiusanuis
657 1323 716 1378 88)
734 1322 924 1375 ,oausa,
960 1316 1142 1381 opinor
1173 1332 1306 1380 quae
1324 1328 1447 1373 ‘erat
1475 1328 1689 1373 mortua,

350 1386 467 1436 Sine
517 1403 642 1435 auro
678 1399 785 1434 tum
832 1397 1060 1434 ornatam
1095 1383 1279 1435 itauti
1319 1385 1382 1443 89)
1441 1400 1572 1449 quae
1613 1399 1755 1432 orna·

701 1458 835 1513 tur*)
878 1450 977 1508 fibi,
1005 1460 1066 1512 9⁰)
1317 1457 1324 1470 ¹

344 1521 503 1573 Nulla
531 1520 710 1569 malam
734 1523 798 1581 9¹)
832 1538 885 1568 re
909 1519 1000 1568 esse
1030 1516 1300 1596 expolitam
1320 1523 1381 1575 9²)
1416 1515 1661 1566 muliebri.

348 1589 572 1657 Capillus
601 1590 791 1656 passus,
827 1586 1064 1655 prolixus,
1100 1587 1288 1634 circum
1323 1599 1480 1650 caput

271 1667 325 1708 50
340 1658 574 1706 Reiectus
602 1656 926 1722 neglegenter.
993 1657 1106 1703 Pax.
1134 1658 1194 1717 93)
1262 1655 1416 1702 CLlN.
1452 1648 1588 1723 Syre,
1615 1654 1654 1713 *)
1687 1652 1756 1699 mi

702 1724 932 1779 obsecro,
1283 1756 1288 1762 -
1784 1773 1786 1776 .

347 1796 427 1843 Ne
449 1809 527 1839 me
545 1793 597 1839 in
628 1782 871 1839 laetitiam
904 1789 1077 1837 frustra
1107 1787 1333 1837 conitias.
1365 1787 1426 1847 94)
1493 1788 1582 1836 SY.
1614 1789 1753 1836 Anus

342 1861 614 1910 Subtemen
635 1864 696 1916 95)
730 1857 892 1906 nebat.
962 1859 1221 1904 Praeterea
1254 1871 1353 1902 una
1387 1851 1624 1903 ancillula

345 1931 483 1986 Erat,
522 1944 583 1975 ea
601 1925 800 1977 texebat
819 1942 935 1982 una,
963 1921 1023 1984 96)
1071 1923 1251 1989 pannis
1286 1919 1454 1981 oblita,

409 2075 467 2118 72)
491 2071 631 2105 Dromo
683 2070 759 2116 73)
785 2070 817 2103 vi
835 2067 980 2115 intra-vit
1045 2068 1108 2113 74)
1135 2065 1271 2102 claudit
1335 2065 1366 2107 ⁴)
1387 2066 1478 2102 edit.
1499 2073 1561 2100 aut
1578 2075 1758 2111 nusquam
1811 2067 1812 2119 ᾗ

456 2129 520 2174 75)
547 2128 609 2161 alii
630 2138 807 2173 nusquam
826 2125 930 2170 etfic
945 2128 1035 2161 olim
1053 2125 1280 2171 lecenmsuit
1309 2126 1350 2158 in
1365 2124 1439 2158 MS
1454 2123 1525 2169 sed
1549 2131 1647 2158 nun‘c
1665 2122 1761 2157 dele-
1811 2125 1812 2128 ’

456 2198 500 2222 ca
528 2188 579 2231 esc
595 2186 721 2231 prima
738 2185 852 2219 litera
879 2185 982 2219 vocis
1010 2192 1188 2228 nusquam
1225 2179 1310 2224 ’76)
1343 2192 1364 2213 ο
1393 2178 1517 2214 Clinia
1572 2180 1634 2224 77)
1660 2178 1761 2213 Anti-

457 2242 561 2289 phila
610 2242 672 2285 78)
700 2240 758 2273 ubi
781 2238 984 2273 nuntiatum
1005 2238 1057 2272 illi
1078 2237 1150 2272 hoc
1168 2236 1236 2271 fuit
1263 2235 1380 2271 subito
1449 2235 1513 2282 79)
1549 2236 1760 2284 Antiphilae

455 2300 520 2344 8ο)
549 2297 632 2343 quia
651 2296 702 2331 ita
729 2308 787 2331 eas
816 2294 1018 2328 invenimus
1038 2305 1230 2340 occupatas
1286 2295 1350 2339 81)
1375 2292 1582 2341 facultatem
1635 2297 1694 2334 82)
1720 2292 1762 2326 il-

457 2354 528 2389 lius
555 2355 642 2390 [ire
698 2358 755 2396 83)
792 2350 1011 2387 consuetudo
1079 2351 1144 2395 84)
1170 2350 1454 2398 uniuscuiusque
1518 2350 1582 2394 85)
1608 2348 1761 2395 qualiter

460 2412 524 2457 86)
549 2411 630 2445 vel?
693 2410 757 2457 87)
781 2409 981 2444 obviavimu
962 2421 1001 2442 us
1058 2409 1123 2452 88)
1156 2407 1303 2455 antique
1329 2419 1395 2455 pro
1423 2418 1512 2443 anus
1568 2407 1631 2451 89)
1657 2404 1760 2441 illam

458 2468 701 2515 repperientes
743 2466 831 2501 ficut
901 2466 1045 2506 >edi-c
1085 2474 1257 2498 ornantur
1325 2465 1391 2509 90)
1429 2475 1505 2497 non
1541 2460 1760 2496 amatoribus

439 2526 523 2572 ·9ῐ)
553 2524 735 2559 maxillam
756 2523 831 2556 eius
894 2522 958 2567 92)
995 2521 1157 2555 tinctam.
1187 2519 1440 2559 decoloratam.
1504 2519 1564 2564 93)
1590 2517 1682 2554 Pax.
1707 2516 1762 2550 in·

459 2584 525 2617 teri
530 2582 622 2616 ectio
641 2581 694 2615 vel
715 2578 920 2614 adverbium
952 2577 1002 2612 est
1032 2578 1173 2625 proprie
1202 2577 1402 2614 comicum,
1440 2572 1642 2619 fignificans
1667 2571 1761 2607 bene

460 2639 515 2673 vel
544 2635 797 2674 tantummodo
860 2636 890 2675 )
918 2635 1005 2670 edit
1026 2634 1110 2679 fine
1133 2637 1367 2681 clzstinctione
1419 2630 1485 2677 94)
1511 2631 1624 2676 (Lege
1649 2628 1762 2663 conii-

464 2695 570 2736 cias)·
579 2694 751 2729 immittas
778 2693 843 2739 95)
866 2692 1000 2728 stamen
1025 2704 1045 2724 a
1065 2689 1205 2726 stando.
1227 2689 1424 2729 subtemen,
1446 2685 1544 2734 quali.
1561 2684 1624 2721 [ub
1644 2684 1763 2723 stami-

461 2760 519 2787 ne.
565 2754 627 2798 96)
652 2750 756 2788 fimul
775 2761 858 2786 cum
879 2746 1079 2795 Antiphila.
