1780 3100
258 150 290 181 -ι
306 148 364 181 12
421 148 427 153 ’
820 127 1128 180 ᾹΝΠΒΙΑ.

263 262 516 325 sicine’52)
548 280 628 314 me
651 275 807 329 atque
839 261 981 312 illum
1002 281 1158 331 opera
1175 277 1266 314 tua
1285 268 1348 324 53)
1378 282 1518 316 nunc
1543 264 1683 315 mise·

447 334 452 338 ’
621 350 707 380 ros
732 335 793 390 54)
829 330 1168 381 sollicitarier?
1191 338 1252 391 55)
1274 337 1313 394 *)

188 400 190 403 ’
264 401 602 455 Namiccirco
625 399 860 457 accessor,
879 401 940 459 **)
974 397 1036 462 56)
1068 402 1275 466 nuptias
1303 399 1444 469 quod
1460 398 1582 448 mihi
1604 417 1687 467 ap·

622 468 791 534 parari
813 463 962 515 sensit.

268 539 368 584 CH.
396 534 593 602 Quibus
614 541 675 597 57)
717 533 923 604 quidem
957 552 1108 600 quam
1144 534 1287 585 facile
1313 548 1550 602 potuerat
1578 534 1687 603 qui-

621 604 734 660 esci,
767 599 801 650 fi
820 597 899 650 hic
917 606 978 662 58)
1017 603 1232 669 quiesset.
1257 608 1318 663 59)
1636 617 1639 619 ’

266 673 415 721 DAV.
434 667 498 734 6⁰)
524 677 629 733 Age
654 670 688 719 fi
705 669 788 719 hic
809 667 873 729 6Ι)
897 686 1003 716 non
1025 669 1275 732 insanit62>
1298 670 1412 719 satis
1436 669 1522 718 sua
1547 669 1688 733 spon-

629 752 700 796 te,
731 737 922 802 instiga.
943 733 1003 798 63)
1071 740 1183 784 MY.
1217 745 1382 805 Atque
1405 735 1584 803 edepol

198 832 247 858 ιο
261 812 332 857 Ea
354 824 435 856 res
457 807 526 855 est
546 802 608 868 ⁶4)
643 818 1014 872 proptereaque
1034 801 1098 863 65)
1132 822 1270 855 nunc
1294 806 1462 854 misera
1483 805 1536 853 in
1558 822 1690 854 moe·

627 890 741 922 rore
772 873 852 920 est.
919 875 1067 920 PAM.
1090 869 1154 931 67)
1188 870 1354 937 Mysis.

264 947 360 1006 Per
381 959 558 992 omnes
581 941 673 991 tibi
698 940 877 990 adiuro
901 941 1061 998 Deos,
1092 958 1357 1007 nunquam
1382 956 1492 988 eam
1510 935 1576 1000 ⁶8)
1609 956 1690 988 me

270 1058 272 1061 ,
628 1009 949 1065 deserturum,
970 1006 1031 1067 69)

265 1081 409 1137 Non,
457 1075 493 1126 fi
529 1076 815 1145 capiundos
844 1076 907 1134 ⁷⁰)
951 1073 1073 1123 mihi
1117 1076 1267 1125 sciam
1321 1074 1414 1124 esse
1435 1073 1689 1124 .inimicos

626 1161 800 1194 omues
824 1142 1065 1193 homines.

270 1218 420 1265 Hanc
453 1211 576 1262 mihi
606 1213 837 1278 expetivi.
871 1211 1092 1277 contigit.
1159 1209 1481 1260 Conveniunt
1498 1227 1690 1265 mores.

626 1278 839 1329 Valeant
859 1284 920 1339 ⁷¹)

270 1350 374 1417 Qui
396 1348 527 1399 inter
549 1365 645 1398 nos
669 1349 732 1407 7²)
751 1346 1006 1396 discidium
1027 1343 1218 1394 volunt.
1253 1347 1402 1394 Hanc
1424 1341 1514 1393 nifi
1537 1362 1688 1403 mors,

626 1415 750 1464 mihi
772 1416 957 1464 adimet
977 1430 1136 1462 nemo.

326 1528 483 1575 52)·pro
506 1525 602 1562 ficne
668 1528 728 1569 53)
756 1535 820 1561 tuo
852 1523 972 1562 studio
1008 1536 1030 1558 o
1062 1523 1164 1557 Dave
1229 1524 1289 1565 54)
1317 1533 1375 1556 me
1409 1531 1446 1557 et
1480 1520 1690 1568 Glycerium

372 1587 438 1631 55)
464 1582 615 1618 -seilicet
660 1582 814 1627 contigit
880 1582 916 1628 ⁴¹)
957 1582 1051 1627 deest
1096 1579 1202 1625 sign.
1239 1582 1371 1617 inter-r,
1403 1580 1560 1617 edition.
1595 1583 1693 1618 male

371 1644 424 1689 **)
444 1643 535 1678 edit.
560 1637 711 1674 arceffor
750 1640 816 1685 56)
834 1652 964 1675 evocor
998 1639 1064 1684 57)
1082 1635 1220 1684 nuptiis
1258 1634 1324 1681 58)
1345 1636 1467 1671 Davus
1512 1637 1576 1682 59)
1592 1638 1692 1685 quie-

373 1699 476 1735 visset
529 1699 591 1738 60)
619 1695 806 1732 irascendo
853 1698 919 1742 61)
947 1693 1157 1742 Pamphilus
1203 1692 1270 1738 62)
1293 1702 1417 1727 contra
1435 1703 1471 1728 te
1491 1694 1689 1746 (lege-me)

370 1756 439 1801 63)
458 1768 479 1789 ο
499 1752 661 1789 Charine
680 1752 785 1787 illum
832 1754 898 1798 64)
917 1765 1025 1801 quam
1046 1751 1138 1786 dicis
1185 1750 1251 1794 65)
1269 1760 1416 1796 propter
1431 1752 1576 1798 nuptias
1597 1765 1690 1800 quae
1751 1753 1756 1755 ”

369 1813 423 1860 (Ζ.
445 1811 554 1859 quas)
575 1809 682 1846 senfit
700 1811 865 1857 apparari
891 1808 1099 1856 Glycerium
1145 1807 1210 1852 67)
1236 1804 1426 1840 affectuose
1472 1808 1538 1851 63)
1562 1809 1692 1857 Glyce-

370 1869 467 1906 rium
512 1869 577 1914 69)
606 1867 690 1902 dico
711 1868 812 1902 illam
833 1880 890 1903 me
938 1868 1002 1913 70)
1023 1864 1162 1900 futuros
1210 1863 1274 1909 71)
1301 1873 1451 1910 pereant
1505 1865 1568 1911 72)
1596 1866 1691 1903 inter
1743 1881 1770 1900 m

357 1937 430 1962 'me
451 1935 487 1961 et
509 1924 730 1971 Glycerium.

311 2054 348 2090 6.
366 2049 641 2098 sollicitat-ier]
699 2048 724 2083 i.
749 2061 779 2083 e.
807 2047 940 2084 sollici-

267 2109 398 2147 tudine
428 2103 537 2142 affici.
567 2105 660 2153 infra
680 2106 726 2156 V„
748 2113 780 2148 3.
803 2107 853 2141 16.
871 2120 939 2142 cur

266 2180 383 2204 meam
411 2168 597 2212 finectam
632 2162 743 2200 huius
767 2165 937 2209 sbllicico

267 2225 446 2261 amentia,
476 2222 515 2256 in
535 2220 601 2256 Ad.
621 2221 650 2254 Ι.
676 2233 705 2254 ι.
733 2232 786 2254 ιι.
808 2221 939 2269 quibus

267 2293 366 2318 nunc
382 2281 577 2327 sollicitor
595 2278 716 2315 rebus.

259 2352 265 2354 ’
314 2346 348 2381 8.
378 2336 508 2385 quibus
536 2348 644 2383 quam
663 2334 787 2376 facile
809 2344 939 2375 potue-

265 2406 331 2433 rat
351 2392 507 2442 quiesbi]
556 2390 593 2425 h.
626 2404 656 2426 e.
679 2402 698 2424 a
718 2388 848 2438 quibus
875 2402 941 2423 nu-

267 2451 375 2500 ptiis,
413 2462 505 2497 quae
524 2461 591 2484 nos
621 2460 720 2482 nunc
742 2445 939 2481 sollicitant

267 2520 306 2544 et
333 2507 562 2556 perturbant.
600 2518 707 2553 quam
741 2503 848 2539 facile
875 2516 938 2550 po-

267 2575 385 2601 tuerat
405 2564 473 2599 effe
493 2564 614 2612 quies,
647 2562 937 2609 fivepoteramus

269 2620 339 2656 effe
377 2620 450 2655 line
486 2621 560 2655 ulla
596 2603 693 2654 cura·
717 2617 937 2665 nuptiarum.

267 2678 329 2713 Sic
358 2677 480 2712 locum
517 2676 667 2725 exponit
699 2675 862 2710 perizon.
892 2672 939 2708 ad

267 2733 406 2770 Sancti-i
424 2735 578 2776 Μὶιιειν,
599 2737 661 2770 ΙΠ.
682 2742 714 2778 3.
734 2746 772 2781 p.
791 2739 869 2782 575.

1063 2060 1118 2082 ιο.
1147 2049 1187 2083 in
1206 2058 1371 2082 moerore
1386 2046 1453 2091 est]
1493 2045 1518 2080 i.
1540 2057 1570 2080 e.
1590 2060 1689 2083 moe-

1013 2115 1079 2151 ret.
1110 2103 1158 2138 fic
1189 2103 1229 2137 in
1248 2103 1339 2138 Eun.
1358 2103 1405 2136 V.
1424 2111 1457 2144 8.
1474 2109 1507 2146 5.
1526 2106 1567 2140 in
1589 2118 1686 2152 gau.

1016 2163 1080 2197 dio
1100 2164 1167 2207 eſjk
1186 2172 1252 2207 pro
1270 2158 1437 2204 gaudere.
1530 2196 1531 2199 Ἴ

1066 2231 1118 2252 ιι.
1154 2217 1317 2261 adim-o]
1366 2217 1502 2252 adiuro
1538 2217 1689 2264 ponitur

1015 2288 1082 2324 pro
1112 2273 1267 2321 simplici
1295 2274 1388 2308 iuro.
1413 2272 1493 2309 Cic.
1513 2271 1609 2308 Phil.
1638 2275 1686 2308 ΙΙ.

1015 2339 1050 2376 4.
1072 2334 1231 2368 adimas
1257 2332 1299 2368 id
1325 2343 1361 2368 te
1386 2333 1510 2367 invito
1538 2344 1593 2367 me
1610 2344 1686 2367 non

1014 2390 1081 2437 effi
1097 2391 1308 2434 facturum.

1065 2454 1115 2488 13.
1150 2445 1330 2489 valeant]
1388 2443 1413 2478 i.
1435 2455 1466 2478 e.
1495 2442 1532 2476 in
1551 2441 1686 2477 malam

1014 2516 1090 2538 rem
1119 2502 1260 2541 abeant,
1293 2499 1343 2536 est
1372 2498 1528 2534 formula
1556 2512 1687 2533 renun-

1015 2559 1133 2595 tiandi
1167 2570 1202 2595 et
1232 2558 1326 2593 male
1355 2555 1528 2604 precandi
1559 2555 1598 2589 in
1618 2554 1684 2591 Ad.

1014 2618 1080 2653 IV.
1102 2623 1136 2661 4.
1152 2625 1203 2658 13.
1217 2613 1465 2661 Horat.Epist.
1486 2613 1531 2647 11.
1556 2624 1585 2648 1.
1609 2619 1684 2653 ¹80·

1014 2676 1142 2712 valeat
1154 2687 1212 2709 res
1224 2673 1384 2712 ludicra,
1399 2670 1460 2705 ubi
1474 2682 1505 2706 v.
1515 2667 1682 2704 Lambin.

1066 2736 1119 2776 ¹4·
1144 2728 1366 2777 discidium]
1424 2723 1614 2767 discrimen
1633 2723 1684 2760 est

1771 565 1780 588 ε

1770 595 1780 640 l

1769 2730 1780 2814 „uma-2.
1772 2660 1780 2723 ...r-2-
1775 2648 1780 2653 .
