1812 3100
654 145 798 191 Aer.
844 144 898 191 V.
968 144 1154 193 Setu-
1187 145 1260 193 lV.
1574 108 1706 195 251·

172 289 228 332 25
242 281 394 348 Qu'oe
405 275 490 329 illa
511 275 638 327 haec
660 276 811 326 turba
838 281 900 338 58)
937 277 1037 326 est?
1096 281 1353 329 Numnam
1389 295 1484 345 ego
1513 296 1604 344 ρει
1606 279 1677 328 11⁴?

602 345 783 395 Adibo.
819 345 956 412 Quid
988 347 1094 396 istic
1117 349 1155 407 *)
1187 352 1248 409 59)
1282 346 1526 412 Pythias?

242 413 380 484 Quid
402 415 513 466 ais?
545 414 599 463 in
632 431 782 482 quem
827 413 1058 479 exempla
1088 414 1244 464 fient?
1310 417 1405 464 PY.
1438 417 1605 483 Rogas
1632 419 1672 478 *)

372 508 377 515 -
602 481 956 532 audacisfime‘?
981 481 1044 543 60)

228 549 500 601 Perdidisti
536 551 682 600 istum
711 569 863 668 qulem
885 550 1098 600 adduxti
1128 569 1223 618 pro
1246 550 1484 602 eunucho
1506 550 1673 602 adule-

599 619 770 669 [centu
795 638 894 677 um,

242 689 383 739 Dum
417 685 585 737 studes
622 687 741 737 dare
769 687 924 738 verba
961 687 1122 737 nobis.
1155 685 1220 749 6Ι)
1289 690 1421 737 PAR.
1456 688 1590 755 Ouid
1611 686 1676 752 6¹⁷¹)

599 757 702 805 ita?
769 762 872 806 Aut
892 756 1016 824 quid
1043 758 1229 806 factum
1251 757 1349 806 est?
1395 742 1533 808 cedo.
1556 756 1618 818 63)

236 827 335 875 PY.
363 825 558 876 Dicam.
586 826 845 891 Virginem
870 827 1010 875 istam
1028 824 1215 874 Thaidi
1236 825 1388 875 hodie
1424 845 1559 894 quae
1589 826 1674 878 do·

600 911 668 942 no
689 893 809 942 data
833 894 915 952 elt,

164 969 220 1014 30
235 962 344 1013 Scis
375 979 487 1012 eam
519 962 679 1011 civem
714 963 808 1011 esse
842 962 982 1019 hine,
1018 975 1069 1010 et
1092 962 1296 1012 fratrem
1328 963 1441 1012 eius
1467 964 1565 1012 esse
1591 962 1672 1012 ad-

597 1031 758 1097 prime
780 1029 842 1090 64)
881 1028 1133 1079 nobilem?

232 1098 372 1148 PAR.
396 1099 591 1149 Nescio.
659 1101 753 1147 PY.
774 1099 930 1166 Atqui
952 1095 1012 1176 65)
1048 1096 1338 1148 ficinventa
1360 1096 1439 1148 est.
1460 1096 1523 1160 66)
1560 1117 1671 1151 eam

599 1167 685 1215 iste
705 1164 766 1227 67)
801 1168 997 1218 vitiavit
1018 1167 1169 1216 miser.

233 1233 346 1284 me
361 1233 452 1285 ubi
495 1235 693 1286 rescivit
733 1236 925 1286 factum
958 1233 1067 1304 68)
1080 1235 1236 1285 frater
1270 1231 1337 1296 69)
1391 1234 1671 1287 violentissi-

594 1321 724 1352 mus.

234 1372 369 1423 PAR.
394 1373 462 1432 70)
512 1371 770 1438 Quidnam
798 1371 950 1422 fecit?
1023 1374 1118 1422 PY.
1155 1371 1420 1439 Colligavit
1445 1373 1666 1441 primum

595 1458 709 1489 eum
737 1442 923 1490 miseris
946 1440 1125 1490 modis.

229 1509 365 1561 PAR.
400 1507 677 1576 colligavit.
698 1511 737 1568 *)
806 1513 899 1559 PY.
936 1516 1106 1576 Atque
1126 1509 1363 1577 equidem
1388 1525 1583 1570 orante,
1605 1524 1665 1561 ut

594 1595 658 1626 ne
682 1577 731 1626 id
757 1579 959 1636 faceret,
973 1581 1037 1639 7¹)
1073 1577 1286 1627 Thaide.

144 1652 217 1702 ‚35
230 1646 369 1697 PAR
402 1644 540 1714 Quid
562 1647 671 1695 ais?
741 1648 834 1694 PY.
869 1650 1025 1697 Nunc
1054 1648 1318 1696 minitatur
1340 1650 1379 1708 ²⁸)
1421 1665 1576 1714 porro
1601 1648 1665 1696 se

589 1711 720 1830 selid
741 1714 997 1769 facturum
1018 1718 1079 1778 **)
1117 1715 1208 1779 7¹²)
1263 1716 1406 1783 quod
1421 1667 1666 1766 pmoechis

591 1783 642 1832 so
665 1797 728 1842 et,

231 1815 386 1923 Quod
405 1867 498 1917 ego
521 1868 787 1918 nunquam
809 1850 911 1900 vidi
933 1849 1064 1912 fieri,
1101 1870 1271 1921 neque
1298 1852 1459 1904 velim.
1531 1854 1667 1902 PAR.

567 1922 708 1990 Qua
731 1919 948 1970 audacia

293 2052 360 2101 58)
384 2051 545 2088 turbatio
591 2053 628 2100 )
651 2055 744 2090 edie-
765 2052 856 2089 istuc
901 2054 968 2102 59)
995 2068 1060 2102 pro
1079 2054 1174 2090 istud
1220 2056 1250 2096 ⁸)
1269 2057 1358 2091 edit.
1379 2055 1514 2100 rogitas
1559 2055 1627 2100 60)
1645 2067 1667 2089 ο

341 2109 578 2146 audaciffime
623 2111 684 2152 61)
705 2109 860 2146 illudere
879 2111 987 2148 nobis
1035 2112 1100 2158 62)
1120 2123 1159 2147 ut
1181 2113 1271 2160 quid
1319 2114 1379 2156 63)
1399 2112 1460 2147 dic
1506 2113 1571 2157 64)
1592 2125 1667 2147 ma-

339 2167 438 2203 xime
485 2168 550 2215 65)
576 2178 672 2203 certe
728 2168 794 2214 66)
819 2168 905 2204 civis
963 2170 1028 2215 67)
1056 2168 1361 2205 ειάοΙεῙὶῑεηῑυῐω)μ
1403 2172 1469 2217 63)
1503 2172 1666 2206 vitiatam

339 2222 498 2260 sororem
534 2226 605 2271 69)
632 2223 807 2270 Chremes
856 2229 920 2272 70)
939 2227 1155 2275 interruptio
1202 2228 1237 2274 ⁴¹)
1262 2230 1354 2264 edic.
1371 2233 1562 2272 praemiet.
1580 2230 1667 2264 hem

340 2282 407 2328 7¹)
424 2294 471 2315 ne
491 2281 617 2327 ligaret
637 2275 741 2315 illum
788 2282 823 2326 ⁴¹)
833 2284 924 2321 edit.
954 2285 1114 2321 minatur
1159 2284 1210 2329 ”)
1227 2287 1318 2322 edic.
1339 2289 1460 2324 omitt.
1486 2286 1666 2335 facturum

341 2349 383 2387 71
399 2338 440 2384 a)
461 2338 582 2373 occidi
606 2338 660 2374 vel
686 2338 831 2375 castrari

235 2477 273 2521 ’4.
294 2488 328 2523 7.
349 2474 437 2511 item
449 2474 614 2514 Gronov.
628 2475 674 2511 nd
689 2477 766 2512 Liv.
779 2479 913 2516 XXIX.
992 2482 1030 2516 in
1054 2480 1158 2515 Cael.
1180 2493 1210 2517 c.
1230 2491 1285 2525 ²9·
1309 2482 1505 2518 Curionem
1519 2482 1667 2518 '‘violen-

237 2545 298 2579 ²7·
991 2539 1168 2584 eiffimum
1186 2539 1435 2591 triburtqrum.

284 2597 342 2632 3²·
358 2591 491 2635 frater
507 2593 587 2627 eius
603 2594 914 2641 violentissimus]
1041 2605 1083 2639 35
1109 2598 1152 2632 id
1171 2597 1272 2644 quod
1288 2594 1445 2632 moechis
1453 2597 1569 2643 filet]
1610 2597 1668 2632 D·

237 2645 422 2682 violentus
450 2646 501 2683 est
521 2647 639 2683 audax
658 2649 705 2684 ad
722 2650 917 2699 quodlibet
992 2653 1099 2688 variis
1120 2652 1357 2686 moechorum
1380 2653 1522 2700 poenis.
1541 2666 1573 2688 v.
1586 2654 1669 2690 Mu-

239 2702 474 2744 Ῑιείοηὸιιηι,
507 2706 631 2740 omnia
662 2706 695 2740 vi
716 2718 752 2742 ot
776 2707 917 2754 impetu
991 2720 1058 2746 ret.
1080 2709 1374 2756 otLindenbrog.
1392 2708 1441 2745 nd
1459 2709 1497 2749 h.
1520 2710 1547 2745 l.

241 2758 473 2803 faciendum,
500 2775 574 2799 non
594 2764 745 2803 ratione.
763 2764 916 2802 Sueten.
