1716 3094
222 127 336 164 xvm

222 244 532 297 :viljandam
555 241 776 310 'copiam
805 240 958 294 Andr.
991 240 1051 292 11.
1087 263 1127 294 ι.
1157 260 1239 295 20.
1273 242 1341 295 est
1368 246 1423 298 in
1444 244 1638 313 Eugta·

223 338 374 404 phio,
419 337 508 402 qui
535 332 656 383 teste
677 333 931 395 Bentleio,
970 334 1126 385 habet
1154 337 1231 383 ad
1259 335 1521 393 auxilium
1551 317 1639 390 co-

219 432 384 495 piam.
453 422 628 473 Lectio
657 424 830 473 iactas
849 422 1005 474 Andr.
1027 427 1088 476 V.
1111 435 1157 485 4.
1189 445 1237 492 9.
1270 405 1487 475 θκῑειὶίιι
1518 434 1642 475 nota
1708 415 1710 417 μ

224 512 498 584 Eugraphii
532 515 597 563 ad
618 515 667 563 h.
689 515 722 563 l.
787 516 885 565 Hic
914 529 1088 566 tamen
1116 514 1392 584 Eugraphii
1424 528 1473 566 et
1503 514 1644 581 scho-

226 607 371 657 liastis
393 603 545 662 nostri
566 601 828 681 consensu}
847 614 954 656 n'on
976 619 1142 655 tantus
1163 606 1255 669 est,
1303 620 1360 656 ut
1381 606 1520 655 hunc
1541 608 1646 675 epi-

227 710 532 747 tomatorem
564 691 646 746 ‘vel
679 691 1035 763 exscriptorem
1075 700 1424 766 commentarii
1457 695 1648 763 Eugra-

228 786 406 856 phiani
440 780 678 836 habeam.
754 785 1095 856 caeteroquin
1138 787 1354 839 latinitas
1392 790 1499 847 eius
1535 787 1649 836 bar-

230 880 357 929 bara
388 891 439 928 et
466 870 668 927 soloeca
695 871 805 926 satis
836 876 1047 945 probat,
1085 877 1151 925 ad
1183 878 1404 928 eandem
1433 884 1652 929 aetatem

235 958 577 1035 ablegandum
604 966 724 1028 effe,
767 985 870 1034 qua
894 968 1061 1018 codex
1080 962 1183 1034 ipse
1205 970 1434 1019 exaratus
1459 965 1526 1016 est
1548 966 1580 1019 i.
1605 983 1652 1016 e.

233 1060 300 1109 ad
330 1059 570 1109 Seculum
600 1059 663 1106 X.
695 1059 775 1108 vel
803 1061 970 1124 potius
998 1055 1074 1106 XI.
1141 1058 1194 1106 Si
1232 1061 1367 1107 enim
1394 1055 1653 1112 Fabricius

233 1149 467 1200 biblioth.
497 1149 581 1196 lat.
604 1147 663 1196 11.
682 1156 765 1205 30.
798 1147 1075 1215 Eugraphii
1099 1160 1322 1197 aetatem
1357 1149 1424 1197 ad
1455 1145 1568 1199 Sec.
1588 1150 1651 1213 X.

233 1257 448 1307 vergens
484 1251 626 1288 recte
655 1238 853 1300 retulit,
910 1232 1077 1287 codex
1114 1239 1320 1287 demum
1351 1238 1536 1290 Seculo
1567 1236 1651 1288 XI.

240 1342 469 1395 exaratus
498 1326 713 1378 videtur.
786 1326 851 1377 At
877 1325 1153 1396 Eugraphii
1184 1336 1400 1377 aetatem
1430 1347 1461 1377 a
1484 1328 1655 1376 Fabri-

186 1401 188 1403 *
242 1423 323 1470 cio
370 1432 511 1470 recte
557 1418 819 1468 definitam
865 1417 962 1468 effe
1013 1412 1182 1467 adhuc
1227 1418 1447 1475 dubitari
1483 1417 1667 1487 potest..

241 1512 477 1560 Coniecit
520 1509 658 1556 illam
712 1527 774 1558 ex
820 1507 1141 1575 sequentibus
1190 1508 1450 1570 Gerberti,
1497 1525 1660 1578 quon-

244 1601 362 1650 dam
390 1597 691 1658 scholastici,
724 1597 932 1647 tandem
966 1597 1052 1646 sub
1084 1600 1299 1647 'nomine
1329 1596 1557 1660 Sylvestri
1591 1598 1660 1647 ad

246 1691 542 1756 dignitatem
588 1686 765 1734 summi
802 1687 1149 1734 Romanorum
1194 1687 1448 1753 pontificis
1483 1691 1660 1751 evecti,

244 1779 408 1830 verbis
450 1794 586 1844 quae
638 1777 875 1842 leguntur
931 1778 986 1824 in
1020 1775 1243 1842 epistola
1292 1778 1358 1829 ad
1391 1779 1662 1841 Airardum

243 1871 371 1938 VIII.
405 1864 658 1934 (Biblioth.
681 1867 901 1913 maxima
917 1866 1121 1914 Patrum
1139 1866 1290 1916 Tom.
1313 1868 1464 1916 XVII.
1502 1869 1663 1935 Lugd.

254 1960 397 2025 1670.
417 1976 468 2024 p.
488 1957 624 2021 669.)
693 1955 1191 2011 Petitionibusxcuis
1224 1961 1535 2010 annuimus,
1569 1977 1667 2006 no-

232 2049 358 2115 stra
389 2060 451 2095 uc
479 2046 783 2113 exsequaris
815 2049 1043 2112 negotia
1070 2047 1226 2094 velut
1255 2051 1520 2114 propria,
1556 2068 1671 2096 moa

251 2156 448 2187 nemus.
522 2138 732 2208 Planius
767 2137 1114 2184 emendetur.-
1163 2115 1518 2203 Eagrczplziuss
1538 2143 1667 2187 reci-

245 2233 467 2296 piatum
504 2226 842 2294 qui<0rbacis
875 2237 930 2274 ec
964 2227 1114 2292 apud
1131 2226 1391 2289 sanctum
1416 2228 1670 2293 Basolzbm

246 2318 667 2386 perscribantur.
702 2317 778 2365 Ex
797 2315 877 2365 his
894 2316 1061 2365 verbis
1082 2316 1291 2379 elicitur,
1324 2317 1670 2385 Eugraphium

254 2407 521 2476 aequalem
550 2406 690 2457 fuisse
709 2407 967 2467 Gerberti,
1012 2409 1100 2474 qui
1121 2409 1240 2456 vixit
1265 2407 1350 2456 sub
1377 2406 1583 2456 Othone
1603 2408 1671 2455 111

253 2500 379 2565 Imp.
416 2509 632 2548 exeunte
662 2495 827 2545 seculo
855 2496 903 2543 X
934 2508 984 2544 et
1016 2490 1151 2545 anffl)
1177 2498 1298 2544 ΜΠΙ
1328 2508 1554 2550 mortuus
1588 2496 1668 2545 est.

254 2589 318 2636 At
335 2587 639 2655 perobscura
651 2584 758 2634 [unt
778 2598 827 2634 et
839 2582 926 2633 nifi
943 2585 1040 2633 alia
1053 2586 1273 2651 prostant
1297 2578 1587 2652 argumenta
1605 2587 1671 2635 ad

257 2671 607 2728 definiendum
627 2689 840 2741 tempus„
875 2691 976 2742 quo
1000 2679 1131 2737 vixit,
1168 2675 1265 2728 sola
1285 2693 1390 2724 non
1410 2674 1669 2728 sufficiunt.
