1780 3100
177 159 271 192 ιιο
734 143 1035 193 ANDRIA.

169 276 355 342 Capitis
377 272 436 336 26)
470 273 945 342 periculumladire,
985 276 1102 327 dum
1133 277 1314 344 profim
1341 277 1445 328 tibi.

168 348 342 392 Tuum
374 345 470 404 est,
517 342 548 390 fi
583 343 706 408 quid
733 355 938 409 praeter
960 345 1093 412 spem
1128 353 1188 408 ²7)
1237 347 1423 407 evenit,
1459 345 1580 395 mihi

524 411 785 473 ignoscere.

94 489 148 531 55
162 483 341 527 Parum
364 476 583 526 succedit
606 482 664 537 ²8)
701 477 840 544 quod
863 495 969 544 ago.
1006 494 1059 528 at
1077 480 1206 530 facio
1226 479 1401 531 sedulo

163 545 251 592 Vel
268 544 443 593 mellus
458 558 562 593 tute
575 554 635 599 29)
665 544 850 604 aliud*)
872 549 1081 612 repperi.
1106 550 1385 598 memissum
1397 548 1504 598 face
1517 551 1579 609 3⁰)

164 616 313 662 PAM.
350 613 522 678 Cupio.
558 614 757 662 restitue
783 618 843 674 31)
902 632 1054 681 quem
1087 633 1117 663 a
1146 635 1223 665 me
1261 618 1492 684 accepisti
1517 620 1579 677 3²)

517 679 702 730 locum.
731 685 792 740 33)

162 749 309 795 DAV.
344 748 556 796 Faciam.
626 751 775 796 PAM.
809 753 874 796 At
897 748 998 796 iam
1019 747 1117 798 hoc
1143 769 1271 816 opus
1294 751 1373 799 est.
1431 754 1578 801 DAV.

517 819 657 863 Hem.
706 815 803 863 Sed
822 817 859 876 *)
902 833 1062 875 mane,
1090 819 1153 876 34)
1191 820 1488 920 concrepuit
1516 823 1577 881 55)

521 883 667 947 aGly
672 885 807 931 cerio
845 884 1032 931 ostium.

161 953 310 999 PAM.
339 948 479 1000 Nihil
500 950 564 998 ad
588 964 647 998 te.
638 903 731 1010 ygss)
768 954 914 998 DAV.
939 953 1152 1015 Quaero.
1172 955 1233 1009 37)
1266 953 1413 1000 PAM.
1432 954 1576 1004 Hem.

516 1019 737 1067 nuncine
754 1017 988 1066 demum?
1010 1023 1070 1078 38)
1103 1021 1248 1069 DAV.
1271 1024 1337 1069 At
1358 1021 1460 1069 iam
1477 1020 1576 1074 hoc

514 1085 608 1134 tibi
627 1087 890 1136 inventum
910 1085 1054 1135 dabo.
1078 1091 1138 1148 39)

217 1217 281 1265 26)
309 1217 382 1253 mei
429 1217 494 1264 27)
523 1216 836 1264 inpraemeditate,
858 1228 1000 1265 praeter
1036 1215 1137 1266 quod
1165 1217 1381 1254 crediderim
1424 1225 1484 1264 28)
1508 1220 1576 1258 rni-

260 1288 329 1310 nus
378 1273 544 1321 prospere
587 1275 706 1309 evenit
774 1276 839 1321 29)
875 1286 914 1310 tu
955 1274 1028 1322 ipse

261 1332 326 1375 30)
367 1329 528 1365 emissum
561 1331 620 1365 fac
655 1342 690 1367 et
722 1331 846 1365 emitte
878 1331 973 1366 foras
1013 1345 1056 1367 ex
1093 1332 1156 1367 illa
1192 1334 1333 1368 ratione
1383 1339 1449 1377 31)
1478 1337 1572 1372 mihi
1644 1358 1648 1362 ·

1094 1276 1130 1322 ⁴¹)
1163 1277 1270 1312 edict.
1308 1280 1429 1314 omitt.
1472 1279 1575 1316 aliud

259 1387 325 1432 32)
357 1386 442 1421 dum
463 1386 582 1422 dixisti
607 1403 664 1423 me
683 1389 784 1423 illam
806 1389 896 1424 velle
917 1388 1046 1424 ducere
1100 1391 1166 1436 33)
1189 1390 1363 1426 libertatis
1395 1402 1435 1427 ut
1461 1407 1570 1430 nemo

263 1443 460 1491 compellat
477 1457 534 1479 me
555 1445 685 1480 ducere
708 1446 807 1481 illam
853 1448 888 1491 ⁴¹)
911 1449 969 1483 ed.
987 1447 1027 1483 st.
1074 1448 1138 1493 34)
1156 1459 1263 1481 mane
1310 1451 1368 1490 35)
1388 1449 1573 1495 perlonuit

258 1503 318 1543 36)
353 1500 482 1534 attinet
547 1503 611 1547 37)
640 1502 729 1548 quid
758 1504 801 1538 fit
864 1504 929 1549 38)
958 1517 1047 1537 num
1075 1503 1165 1551 quid
1193 1504 1324 1540 iterum
1354 1517 1454 1541 curas
1482 1506 1571 1544 inde

258 1558 323 1604 39)
351 1556 451 1604 quod
471 1557 547 1592 vult
568 1557 776 1605 Glycerium
793 1560 1022 1595 renuntiabo,

155 1721 234 1745 cum
259 1708 434 1752 vocisque
465 1717 511 1738 ae
533 1702 822 1750 precationibus.

149 1779 183 1801 v.
207 1764 311 1800 Drak
345 1761 391 1795 ad
413 1761 488 1795 Liv.
508 1762 553 1797 ΙΙ,
577 1770 631 1803 3¹·

194 1830 251 1865 57.
275 1822 426 1867 restitue
441 1821 481 1854 in
511 1832 614 1862 quem
639 1819 733 1862 eta]
781 1819 821 1852 in

149 1877 298 1926 optimis
330 1874 548 1909 membranis
572 1874 701 1919 legitur
718 1877 821 1919 resti-

147 1948 211 1972 tue
241 1948 347 1981 quem
376 1946 401 1966 a
419 1946 475 1966 me
496 1933 669 1974 accepisti
684 1933 816 1970 locum,

148 1998 258 2038 quam
288 1989 482 2024 lectionem
512 1987 665 2021 Bentlei.
692 1988 818 2021 confir-

145 2059 223 2083 :mat
254 2060 296 2082 ex
325 2045 471 2080 Phorm.
500 2043 592 2090 prol.
622 2057 652 2078 v.
675 2051 730 2087 31.
747 2047 818 2079 Lo·

146 2104 246 2140 cutio
274 2103 446 2138 translata
475 2100 524 2134 est
550 2113 570 2134 a
597 2114 634 2135 re
654 2101 814 2136 militari.

143 2161 284 2197 Milites
313 2159 409 2194 enim
443 2157 613 2192 dicuntur
645 2158 736 2193 tueri
766 2158 816 2192 lo-

143 2231 249 2257 cum,
293 2216 420 2251 cedere
454 2214 594 2255 locum,
633 2214 815 2250 dimittere

140 2274 277 2313 locum,
299 2273 419 2307 locum
439 2285 513 2307 non
533 2283 667 2307 tenere.
686 2273 815 2307 v.Bur-

139 2344 264 2368 mann.
293 2329 339 2364 ad
372 2329 481 2364 Ovid.
513 2340 579 2365 art.
608 2339 756 2364 amator.
783 2330 812 2363 Ι.

138 2401 174 2423 2.
193 2393 250 2431 24.
274 2397 309 2421 et
333 2386 433 2420 Cort.
466 2384 511 2419 ad
529 2385 670 2421 Sallust.
701 2385 810 2420 Catil.

139 2458 170 2479 c.
191 2457 226 2490 9.
295 2444 432 2477 Verum
463 2455 530 2476 nec
563 2442 673 2477 altera
699 2442 809 2477 lectio

137 2500 341 2549 spernenda
374 2499 557 2534 restituere
601 2499 639 2533 in
674 2498 808 2533 locum.

138 2559 217 2593 Cic.
241 2554 287 2591 ad
308 2558 480 2592 Attic.11.
509 2567 565 2589 22.
595 2557 810 2605 restituique

137 2618 178 2652 in
197 2629 278 2651 eum
299 2617 420 2649 locum
437 2626 576 2658 cupere,
595 2627 644 2648 ex
655 2628 725 2661 quo
746 2615 808 2649 de·

138 2673 244 2710 cidit,
271 2670 331 2705 [ed
357 2669 406 2704 est
427 2670 671 2708 Graecismus,
698 2671 736 2704 in
765 2683 807 2705 ea

135 2727 295 2763 lectione
313 2726 362 2766 lic
383 2726 638 2774 explicandus,
656 2731 807 2774 restitue

881 2276 991 2319 fores
1020 2286 1044 2307 a
1070 2285 1138 2307 me.

899 1722 954 1743 me
970 1710 1010 1744 ἱη
1023 1708 1275 1746 marniacum,
1297 1710 1338 1744 in
1356 1723 1427 1754 quo
1445 1724 1569 1747 meae-

898 1767 1035 1810 cepisti.
1103 1764 1234 1798 Graeci
1262 1765 1359 1799 enim
1384 1779 1568 1812 ponomeu

898 1820 1027 1855 eodem
1048 1818 1128 1854 casu
1147 1831 1308 1866 ponunt,
1340 1833 1412 1867 quo
1432 1836 1566 1859 nomen
1584 1835 1589 1842 ‘

897 1875 1134 1915 antecedens,
1174 1889 1282 1923 quam
1307 1877 1485 1913 rationem
1512 1880 1568 1915 in-

894 1933 1036 1968 terdum
1072 1932 1259 1967 imitantur
1283 1934 1419 1968 Latini.
1436 1935 1514 1970 Liv.
1533 1938 1562 1971 I.

894 2002 950 2035 29.
983 1992 1121 2033 raptim
1154 1990 1285 2036 quibus
1321 1993 1474 2039 quisque
1496 2007 1564 2039 po-

893 2057 994 2082 terat
1013 2050 1138 2082 elatis.

937 2113 994 2146 58.
1044 2104 1258 2147 concrepuit
1307 2115 1333 2136 α
1380 2104 1559 2152 Glycerio

892 2161 1045 2204 ostium]
1105 2158 1234 2193 ostium
1263 2157 1408 2192 aedium
1433 2159 1562 2206 Glyce-

891 2218 947 2250 rii.
969 2218 1101 2250 Heaut.
1131 2217 1160 2254 1.
1186 2228 1214 2252 1.
1237 2227 1312 2249 122.
1339 2229 1560 2265 crepuerunt

1210 2272 1434 2307 Graecorum
1452 2274 1559 2314 ‚enim

890 2330 1020 2363 ianuae
1048 2342 1125 2362 non
1152 2327 1344 2364 introrsum
1363 2328 1556 2371 trahendo,

887 2385 947 2420 sed
975 2387 1013 2420 in
1045 2386 1140 2420 viam
1170 2385 1355 2433 publicam
1382 2385 1555 2433 pellendo

890 2443 1162 2490 aperiebantur,
1197 2444 1320 2489 itaque
1337 2455 1384 2476 ne
1400 2443 1556 2490 'praeter-

887 2511 1012 2534 euntes
1042 2498 1197 2547 impulsu
1218 2500 1348 2534 ianuae
1371 2499 1555 2535 laederen-

884 2567 963 2596 tur,
997 2557 1153 2591 exiturus
1184 2556 1293 2607 dabat
1316 2556 1451 2602 [ignum
1481 2570 1554 2591 cre-

883 2614 1045 2660 pitaculo
1071 2613 1242 2660 quodam.
1264 2626 1297 2647 v.
1318 2612 1553 2660 Lindenborg

885 2671 947 2715 [et
967 2670 1212 2715 VVesserhov‚]
1237 2669 1283 2704 ad
1304 2669 1342 2703 h.
1365 2670 1391 2707 l.

929 2736 989 2774 59.
1015 2731 1208 2766 inventum
1225 2725 1345 2772 dab'o]
1391 2727 1428 2762 h.
1447 2740 1477 2763 e.
1495 2727 1549 2762 in-
