1760 3086
289 171 434 207 xxvrn

287 290 607 358 superiorem
708 286 962 335 Laudatur
1013 289 1146 335 enim
1184 288 1238 335 in
1290 297 1412 336 nota
1455 283 1523 334 ad
1563 284 1691 332 Eun.

286 383 343 429 II.
382 402 420 429 1.
455 388 528 437 14.
599 377 956 447 Oudendorpii
978 377 1131 425 editio
1151 377 1374 443 Apuleii‚
1403 392 1537 443 quae
1555 389 1692 423 anno

286 482 567 520 memorato
589 468 791 533 prodiit,
809 466 931 516 teste
950 467 1342 529 wyttenbachio
1359 467 1392 516 l.
1414 483 1458 516 c.
1478 483 1529 532 p.
1549 464 1665 532 176.·

420 557 792 606 Ruhnkeniana
825 558 1008 605 dictata
1041 559 1093 604 in
1121 556 1220 605 hac
1251 557 1477 606 editione
1510 554 1693 605 eadem

286 653 468 716 pagina
495 645 653 714 gloffis
678 646 773 695 five
796 646 989 695 scholiis
1013 645 1233 694 subiecta
1255 646 1388 707 sunt,
1412 657 1468 693 ut
1488 658 1693 711 compa-

284 744 411 787 ratio
450 751 781 804 utrorumque
818 735 1000 784 institui
1032 748 1081 783 et
1113 751 1217 782 uno
1256 734 1437 783 obtutu
1480 733 1694 784 discerni

284 828 450 895 poffit,
486 840 754 894 quantum,
793 837 848 872 ut
867 823 1249 886 Wyttenbachii
1276 824 1442 873 verbis
1467 836 1594 884 utar,
1622 823 1696 872 di-

282 918 408 967 stent
426 935 545 967 aera
568 917 768 982 lupinis.
808 916 1175 980 Comparantes
1199 927 1367 962 autem
1390 911 1694 974 scholiasten,

285 1012 372 1075 qui
401 1011 455 1055 in
493 1006 610 1056 luce
642 1007 998 1054 humaniorum
1030 1005 1287 1053 literarum
1314 1005 1434 1052 vixit
1465 1021 1582 1053 cum
1614 1019 1692 1065 eo,

286 1101 426 1148 cuius
449 1100 599 1146 aetati
618 1096 863 1145 tenebrae
881 1095 1139 1143 obductae
1159 1106 1316 1154 erant,
1349 1111 1458 1142 non
1480 1092 1586 1143 fine
1608 1110 1695 1143 vo-

283 1189 475 1255 luptate
502 1187 789 1260 advertent,
834 1186 982 1233 binos
1013 1187 1145 1233 viros
1176 1196 1225 1232 et
1253 1195 1418 1233 aetate
1447 1196 1497 1232 et
1528 1184 1695 1234 erudi-

283 1284 424 1328 tione
443 1278 596 1343 longe
617 1275 849 1325 distantes
868 1277 1049 1327 iisdem
1065 1274 1322 1322 interdum
1337 1273 1502 1323 verbis
1522 1279 1695 1323 aucto-

284 1387 393 1419 rem
413 1365 665 1416 illustrasse
687 1384 730 1416 e.
749 1386 793 1434 g.
816 1385 930 1434 pag.
963 1373 1036 1421 18.
1059 1377 1179 1413 nota
1203 1384 1267 1430 77
1283 1401 1297 1425 ‚
1327 1382 1441 1431 pag.
1467 1381 1547 1412 21.
1571 1382 1623 1412 n.
1643 1381 1691 1430 9.

285 1478 335 1526 p.
359 1477 438 1506 22.
461 1476 513 1505 n.
542 1457 616 1504 16.
640 1469 734 1506 etc.

418 1547 710 1596 Ruhnkenii
737 1559 890 1595 notae
914 1549 968 1594 in
994 1545 1288 1593 Terentium
1321 1547 1553 1611 geminae
1585 1544 1694 1594 sunt

287 1658 486 1701 earum,
518 1655 642 1704 quas
667 1636 960 1702 scripserunt
975 1634 1348 1684 Westerhovius
1367 1648 1416 1683 et
1433 1637 1470 1685 J.
1492 1637 1544 1684 F.
1566 1637 1693 1684 Gro-

282 1733 460 1781 novius
491 1731 523 1777 i.
562 1745 606 1776 e.
646 1729 1002 1794 grammaticae
1041 1725 1173 1792 sunt,
1235 1742 1370 1791 quae
1402 1727 1503 1773 vim
1531 1724 1694 1774 usum-

202 1853 207 1858 ·
283 1839 386 1889 que
418 1819 692 1868 verborum
722 1829 829 1864 tum
863 1833 924 1865 ex
951 1814 1056 1881 ipso
1088 1816 1331 1864 Terentio
1363 1826 1471 1864 tum
1502 1832 1564 1864 ex
1585 1815 1692 1865 aliis

283 1910 619 1977 scriptoribus,
653 1908 876 1972 inprimis
897 1906 1073 1969 Plauto
1092 1907 1148 1952 in
1172 1904 1358 1954 eodem
1376 1921 1563 1971 genere
1581 1905 1693 1955 scri-

283 2002 443 2052 bendi
473 2001 670 2050 comico
705 1995 894 2046 versato
931 1996 1209 2063 explicant,
1256 2006 1306 2043 et
1327 2010 1461 2057 rem,
1498 1995 1565 2045 de
1589 2013 1691 2062 qua

285 2096 467 2159 agitur,
524 2103 586 2139 ex
617 2089 910 2153 antiquitate
940 2100 991 2147 et
1018 2084 1216 2134 historia
1246 2082 1499 2133 illustrant.
1570 2087 1691 2136 Non

282 2197 385 2235 tarn
428 2183 541 2231 viris
587 2178 790 2228 eruditis
835 2195 986 2244 quam
1028 2175 1274 2224 tironibus
1318 2173 1532 2241 scriptae
1566 2173 1689 2225 sunt.

282 2274 464 2322 Nullae
487 2270 553 2319 ad
576 2281 791 2318 metrum
816 2265 1213 2316 constituendum
1234 2264 1482 2331 spectant,
1517 2266 1690 2316 nullae

286 2339 600 2413 coniecturas
644 2361 838 2408 criticas
882 2358 1029 2405 huius
1059 2356 1141 2405 vel
1179 2356 1389 2404 aliorum
1425 2369 1688 2405 auctoru-m

283 2467 509 2504 veterum
529 2449 809 2517 proferunt,
843 2448 1012 2496 nullae
1032 2447 1295 2496 artificium
1315 2449 1572 2512 poeticum
1591 2444 1687 2495 five

285 2544 641 2593 oeconomiam
672 2539 1055 2589 comoedi-arum
1081 2538 1328 2587 evolvunt.
1392 2536 1495 2585 Sed
1525 2535 1686 2583 lati-ni-

284 2647 435 2682 tatem
458 2619 672 2682 auctoris
694 2631 941 2689 enodant,
992 2629 1114 2695 quid
1134 2631 1265 2677 inter
1284 2627 1423 2675 usum
1439 2625 1685 2692 loquendi

284 2726 429 2773 huius
453 2724 767 2790 aliorumque
792 2733 1052 2770 auctorum
1078 2717 1386 2779 diversitatis,
1419 2716 1543 2784 quid
1562 2715 1685 2765 fimi·
